3017 4800
478 222 546 279 nn.
561 223 582 279 1.
598 222 677 280 cir.
692 229 738 294 ar,
754 229 797 279 aa.
817 230 960 290 sse-se.
1267 229 1308 293 τι

129 387 361 453 lustrationem
398 388 543 453 eiusdem
578 388 712 453 incensa
746 387 847 454 radiis
883 393 1051 454 menstruo
1089 389 1197 473 spatio
1232 390 1310 454 luna

130 477 287 563 complet3
312 476 457 562 quinque
480 482 590 543 autem
614 478 727 543 stellae
751 477 890 543 eundem
909 479 1021 544 orbem
1039 483 1202 561 tenentes,
1226 478 1309 543 aliae

128 566 265 651 propius
294 589 314 631 a
341 567 452 651 terris,
480 566 563 632 aliae
585 567 757 653 remotius,
786 567 828 632 ab
850 567 955 632 isdem
977 567 1147 652 principiis
1171 567 1309 652 dispari·

128 655 191 720 bus
215 656 420 739 temporibus
444 656 557 721 eadem
576 657 683 741 spatia
701 656 887 722 conficiunt.
923 655 1014 721 Num
1032 656 1110 740 quid
1128 657 1208 741 tale,
1231 656 1310 741 npi-
1329 666 1362 720 88

97 767 111 808 s
130 766 220 829 cure,
243 743 379 809 vidisti?
420 743 471 809 Ne
495 745 540 810 sit
562 745 665 831 igitur
684 746 747 831 sol,
769 768 812 810 ne
830 746 920 831 luna,
942 767 984 810 ne
1003 746 1131 831 stellae,
1155 745 1310 830 quoniam

128 833 214 897 nihil
249 856 320 899 esse
353 837 478 919 potest,
511 834 577 899 nisi
611 834 699 920 quod
728 834 901 920 attigimus
931 838 989 899 aut
1017 834 1172 921 vidimus3
1209 834 1310 920 quid?

130 923 229 987 deum
250 922 361 1007 ipsum
383 945 505 988 numne
527 923 662 988 vidisti?
708 921 775 989 Cur
797 924 901 1011 igitur
924 923 1027 989 credis
1052 924 1145 989 esse?
1192 923 1311 989 Omnia

130 1012 287 1076 tollamus
311 1033 405 1098 ergo,
428 1034 511 1096 quae
535 1017 593 1078 aut
614 1012 756 1077 historia
777 1013 873 1078 nobis
897 1017 955 1078 aut
977 1012 1063 1078 ratio
1086 1034 1171 1078 nova
1195 1012 1309 1078 adfert.

129 1100 185 1165 Ita
214 1100 266 1186 fit,
296 1105 335 1165 ut
362 1100 591 1166 mediterranei
618 1124 708 1167 mare
735 1124 807 1168 esse
832 1123 901 1168 non
929 1101 1071 1167 credant.
1117 1100 1208 1177 Quae
1233 1105 1311 1167 sunt

83 1212 110 1252 rc
130 1193 245 1254 tantae
267 1190 369 1255 animi
392 1190 586 1276 angustiae?
632 1190 692 1275 Ut,
720 1191 749 1256 si
774 1189 904 1276 Seriphi
926 1195 1023 1256 natus
1047 1212 1135 1257 esses
1158 1213 1218 1256 nec
1240 1213 1310 1255 um-

130 1301 232 1364 quam
265 1300 416 1365 egressus
449 1302 489 1344 ex
519 1279 641 1365 insula,
676 1280 713 1343 in
745 1303 810 1365 qua
841 1280 1025 1365 lepusculos
1058 1281 1311 1365 vulpeculasque

130 1390 229 1452 saepe
259 1368 410 1454 vidisses,
440 1390 509 1433 non
538 1368 684 1434 crederes
714 1370 824 1435 leones
853 1374 887 1435 et
913 1369 1091 1454 pantheras
1119 1391 1204 1455 esse,
1237 1391 1310 1434 cum

129 1457 208 1542 tibi,
228 1458 340 1542 quales
359 1461 478 1542 essent,
497 1457 672 1543 diceretur3
696 1458 724 1523 si
741 1460 819 1524 vero
838 1459 878 1523 de
897 1457 1071 1543 elephanto
1090 1458 1312 1544 claudicaret,

130 1546 233 1611 etiam
263 1546 363 1611 rideri
392 1550 426 1611 te
455 1551 598 1631 putares.
643 1546 690 1612 Et
718 1551 757 1613 tu
787 1547 931 1633 quidem,
954 1547 1074 1633 Vellei,
1104 1569 1171 1613 non
1200 1552 1311 1613 vestro
1329 1558 1364 1610 89

83 1658 110 1699 rs
131 1657 239 1720 more,
262 1636 319 1700 sed
342 1635 601 1723 dialecticorum,
624 1658 707 1722 quae
729 1635 878 1702 funditus
898 1659 979 1723 gens
997 1641 1107 1701 vestra
1124 1658 1190 1701 non
1209 1636 1311 1721 novit,

130 1729 328 1810 argumento
352 1725 549 1790 sententiam
573 1725 777 1791 conclusisti:
805 1724 927 1791 Beatos
946 1748 1017 1791 esse
1035 1725 1112 1790 deos
1131 1725 1311 1810 sumpsisti.

131 1811 360 1879 Ooncedimus.
400 1813 540 1879 Beatum
562 1819 673 1880 autem
696 1815 767 1880 sine
789 1815 913 1881 virtute
930 1815 1093 1880 neminem
1112 1837 1183 1880 esse
1205 1837 1312 1899 posse.

130 1901 172 1967 Id
200 1925 330 1987 quoque
358 1903 486 1989 damus,
515 1908 549 1969 et
570 1904 711 1969 libenter
735 1905 875 1990 quidem.
917 1904 1085 1970 Virtutem
1108 1908 1218 1969 autem
1241 1905 1311 1969 sine
1330 1906 1374 1973 32

131 1991 262 2056 ratione
285 1997 436 2057 constare
458 2015 526 2058 non
547 2016 653 2078 posse.
695 1990 877 2059 Conveniat
899 1993 934 2058 id
954 2016 1083 2079 quoque
1100 2015 1233 2059 necesse
1252 1997 1311 2059 est.

83 2103 112 2142 ac
131 2079 311 2167 Adiungis:
343 2104 403 2147 nec
431 2082 594 2147 rationem
624 2105 695 2149 esse
721 2083 788 2149 nisi
814 2083 850 2147 in
876 2081 1019 2148 hominis
1046 2082 1160 2169 figura.
1208 2081 1312 2158 Quem

131 2169 198 2234 tibi
219 2169 283 2235 hoc
306 2170 459 2235 daturum
482 2171 603 2257 putas?
633 2171 663 2237 si
685 2173 773 2238 enim
795 2172 844 2237 ita
867 2177 966 2258 esset,
991 2172 1069 2258 quid
1088 2193 1169 2256 opus
1189 2175 1260 2236 erat
1278 2175 1312 2236 te

132 2259 299 2345 gradatim
325 2260 412 2325 istuc
438 2260 631 2345 pervenire?
663 2262 859 2346 sumpsisses
887 2266 945 2327 tuo
968 2263 1047 2326 iure.
1094 2259 1179 2336 Quid
1202 2265 1312 2326 autem

171 2494 195 2542 1.
215 2487 696 2558 lustrationcm=circamitum,wie

133 2560 253 2614 lustrare
279 2559 324 2627 (ΙΙ,
339 2567 387 2626 533
409 2563 471 2629 106)
491 2587 519 2606 =
542 2562 695 2630 circumire,

134 2629 293 2699 cigentlich
335 2630 388 2685 mit
433 2632 497 2685 dem
538 2631 696 2702 Opfertiere

134 2701 219 2755 einen
238 2702 402 2757 suhnenden
420 2701 552 2773 Umgang
570 2721 619 2757 um
641 2703 697 2758 den

133 2790 169 2826 zu
188 2771 374 2843 reinigenden
387 2773 570 2844 Gegenstand
588 2774 694 2832 halten.

132 2844 243 2899 Preller
260 2850 329 2901 rom.
344 2844 434 2914 Myth.
452 2845 516 2916 1³p.
526 2852 588 2902 420.

170 2922 196 2971 2.
204 2916 324 2985 quiaque
338 2918 431 2973 atellae
444 2947 479 2959 -
489 2918 562 2972 aliae
572 2949 605 2959 -
615 2918 697 2986 aliua,

133 3005 156 3042 s.
172 2986 228 3041 ΕΠ.
239 2986 339 3057 ·Seyff.
355 2987 402 3043 Gr.
418 2995 470 3044 145
484 2989 517 3044 A.
528 2994 552 3044 4.

53 3063 55 3066 '
171 3065 197 3112 3.
216 3060 251 3114 ab
271 3060 357 3114 isdem
370 3062 523 3130 principiis
538 3056 607 3114 ‘von
629 3060 696 3115 den·

134 3128 502 3202 selbenhnfangspunkten
517 3130 697 3201 ausgehend‘.

170 3206 197 3255 6.
215 3202 368 3272 attipimus,
387 3202 434 3256 ein
446 3201 613 3269 Flickwort3
633 3203 697 3257 das·

134 3271 213 3327 selbo
223 3274 319 3327 verrat
333 3273 383 3327 das
392 3273 556 3343 Bestreben‚
571 3274 622 3328 das
629 3274 697 3328 Anf-

133 3342 236 3413 lallige
255 3343 347 3399 dieses
361 3343 501 3416 Beispiels
520 3363 554 3399 zu
567 3345 697 3402 mildam.

171 3420 196 3469 7.
223 3432 338 3483 numne,
371 3415 435 3471 cine
463 3416 570 3471 seltene
593 3416 696 3487 Frage-

134 3484 274 3610 partlikeL
312 3486 360 3541 bei
397 3486 495 3543 Cicero
535 3505 588 3542 nur
624 3489 699 3543 noch

158 3573 192 3611 ae
206 3600 213 3612 .
227 3563 270 3613 36.

174 3633 215 3683 10.
235 3628 374 3699 Serestus,
401 3628 535 3685 eineder
556 3629 699 3686 kleinsten

136 3699 195 3753 und
213 3698 465 3755 unfruchtbarsten
479 3701 531 3756 der
544 3701 699 3771 Cykladen,

135 3785 235 3896 wepcp
272 3771 701 3899 ignerhrBaffiptupgsIlosiglppeit

135 3859 175 3895 nn
234 3859 265 3897 er
309 3860 356 3897 esc
482 3861 508 3899 e1
544 3861 620 3898 1rer
669 3861 698 3899 e·

135 3913 252 3968 wohner
267 3914 310 3969 ou
323 3914 499 3971 Zielscheibe
514 3915 563 3970 des
575 3915 698 3998 Spottes.

173 3991 215 4040 15.
234 4002 304 4055 prae
326 3984 531 4042 istinfreierer
539 3986 635 4042 Weiss
650 3987 701 4042 auf

137 4056 344 4113 dialecticorum
358 4057 493 4128 bezogen.
529 4058 595 4129 Vgl.
615 4065 630 4125 ξ
649 4064 697 4115 8οι

137 4129 287 4198 captiones,
306 4146 383 4198 quac.

171 4216 239 4270 pens
256 4207 346 4256 vestra
364 4218 422 4256 non
439 4202 523 4257 nord.
549 4200 592 4255 De
609 4202 656 4257 fin.
676 4201 697 4271 I,

137 4276 185 4325 22:
218 4270 380 4342 (Epicurus)
412 4273 484 4328 tollit
519 4273 699 4342 definitiones,

84 4346 86 4349 ’
137 4343 209 4397 adiel
244 4344 279 4399 de
311 4343 457 4399 diamasa
489 4360 523 4400 ac
551 4346 699 4415 pertundo

138 4414 220 4483 dead,
240 4430 299 4470 aon
317 4431 370 4485 quo
388 4416 466 4471 modo
483 4416 619 4485 effluam
637 4433 699 4472 eon·

750 2492 930 2561 cludaturquc
947 2492 1035 2558 ratio,
1053 2492 1149 2560 trudit,
1167 2506 1239 2557 non,
1255 2506 1312 2559 qua

749 2564 797 2618 via
833 2564 956 2632 captiosa
991 2563 1141 2629 solvantur,
1179 2562 1312 2631 ambipaa

750 2635 975 2704 diatiupuantur,
994 2633 1119 2689 amendia
1157 2632 1214 2697 ἓξ
1238 2638 1272 2686 43
1288 2651 1310 2686 a.

750 2705 783 2759 de
800 2706 896 2775 reputo
914 2711 939 2759 et
956 2705 1068 2760 iudicio.
1193 2759 1198 2768 ,

788 2781 829 2831 lc,
857 2791 892 2830 cr
930 2782 1018 2831 mento
1052 2776 1214 2831 senteutiam
1249 2791 1312 2830 eoa·

750 2848 867 2914 rimini,
907 2846 1008 2900 uhast
1027 2845 1109 2900 deine
1129 2845 1313 2915 Ausfuhrung

750 2917 805 2972 mit
814 2916 907 2972 einern
921 2916 1107 2986 Syllogismus
1121 2917 1311 2987 geschlossen,

752 2988 790 3042 du
809 2988 875 3043 hast
893 3006 956 3042 zum
980 2986 1087 3043 Schlull
1111 2989 1200 3043 durch
1229 2987 1313 3045 einen

752 3060 939 3130 Syllogismus
968 3058 1014 3114 die
1039 3058 1191 3115 Wahrheit
1216 3059 1314 3115 deiner

750 3131 941 3202 Behauptung
960 3148 994 3185 zu
1017 3130 1158 3186 beweisen
1184 3132 1312 3202 gesucht.

752 3202 780 3259 S.
795 3219 820 3258 o.
835 3208 850 3269 ς
865 3207 908 3259 48.
945 3201 1055 3273 Wegen
1078 3203 1127 3257 der
1145 3202 1314 3274 Bedeutung

750 3272 1313 3346 vonarpumcntumvgl.Quintil.V‚10‚11:

752 3346 821 3403 Cum
853 3349 890 3402 sit
925 3353 1117 3418 arpamentum
1147 3348 1220 3401 ratio
1248 3363 1314 3416 prc-

753 3420 890 3473 amionem
908 3424 1070 3487 praestans,
1093 3434 1149 3487 qua
1174 3418 1315 3488 callipitur

752 3490 833 3545 aliud
847 3505 900 3559 per
917 3489 1011 3556 aliud,
1038 3496 1063 3544 et
1090 3505 1159 3558 quac
1185 3489 1258 3556 quod
1275 3496 1315 3545 est

753 3561 870 3617 dubium
884 3577 937 3630 per
959 3561 1004 3629 id,
1031 3560 1103 3630 quod
1122 3560 1238 3615 dubiam
1256 3576 1314 3616 uon

753 3638 803 3698 cst,
823 3634 973 3700 confimat.

791 3709 824 3757 22
845 3705 1019 3774 ,sumpsisses
1049 3702 1107 3757 Der
1125 3701 1209 3771 Konj¹
1232 3703 1313 3758 Plus·

754 3774 910 3845 quamperf.
934 3775 984 3829 der
1004 3773 1123 3846 aweiten
1136 3774 1195 3829 und
1208 3774 1315 3830 dritten

752 3845 859 3900 Person
885 3845 963 3901 steht
989 3845 1069 3900 nicht
1100 3863 1153 3900 nur
1185 3864 1234 3900 zur
1261 3845 1313 3901 Be·

752 3916 911 3986 aeichnung
930 3917 1043 3987 dessen,
1071 3934 1130 3971 was
1158 3917 1238 3971 hatte
1303 3948 1313 3957 ·

753 3988 878 4043 schehen
904 3989 1017 4042 sollen
1043 3991 1076 4059 (s.
1091 3986 1242 4056 Ell.-Seyff.
1266 3935 1314 4043 dr.

753 4059 865 4130 acin),
891 4058 945 4114 wie
966 4060 1013 4128 111,
1030 4066 1071 4129 76,
1098 4059 1218 4114 scudem
1242 4058 1315 4112 auch

753 4130 868 4192 dassen,
883 4147 941 4185 was
958 4131 1037 4186 httte
1056 4129 1216 4201 geschehen
1232 4129 1314 4184 kon-

753 4218 828 4256 nen.
864 4201 927 4272 Vgl.
961 4203 1009 4271 Ill,
1040 4208 1086 4257 71:
1124 4202 1191 4269 qaid
1219 4202 1316 4271 potius

753 4275 911 4330 homiuibus
928 4274 1064 4329 dedissent
1090 4268 1203 4335 ‘hatten
1223 4271 1315 4341 geben

753 4339 885 4400 kdnnen’.
909 4375 942 4385 -
965 4343 1062 4398 Durch
1085 4342 1148 4398 eine
1172 4343 1314 4414 derartige

754 4415 985 4484 Voraussetznng
998 4414 1094 4468 wurde
1109 4430 1145 4467 an
1159 4414 1209 4469 der
1224 4414 1314 4469 Sache
