<?xml version="1.0" encoding="UTF-8"?>
<!DOCTYPE html PUBLIC "-//W3C//DTD XHTML 1.0 Transitional//EN"
    "http://www.w3.org/TR/xhtml1/DTD/xhtml1-transitional.dtd">
<html xmlns="http://www.w3.org/1999/xhtml" xml:lang="en" lang="en">
 <head>
  <title>
</title>
<meta http-equiv="Content-Type" content="text/html;charset=utf-8" />
  <meta name='ocr-system' content='tesseract 3.04.00' />
  <meta name='ocr-capabilities' content='ocr_page ocr_carea ocr_par ocr_line ocrx_word'/>
</head>
<body>
  <div class='ocr_page' id='page_1' title='image "./mtulliiciceroni00goetgoog_0049.png"; bbox 0 0 3017 4800; ppageno 0'>
   <div class='ocr_carea' id='block_1_1' title="bbox 485 232 1307 304">
    <p class='ocr_par' dir='ltr' id='par_1_1' title="bbox 485 232 1307 304">
     <span class='ocr_line' id='line_1_1' title="bbox 485 232 1307 304; baseline 0.002 -16"><span class='ocrx_word' id='word_1_1' title='bbox 485 232 804 303; x_wconf 78' lang='lat' dir='ltr'><strong>LIB.1.0AP.11,12.</strong></span> <span class='ocrx_word' id='word_1_2' title='bbox 822 239 966 300; x_wconf 70' lang='lat' dir='ltr'><strong>§ar-eo.</strong></span> <span class='ocrx_word' id='word_1_3' title='bbox 1264 240 1307 304; x_wconf 85' lang='lat'><strong>41</strong></span> 
     </span>
    </p>
   </div>
   <div class='ocr_carea' id='block_1_2' title="bbox 58 395 1376 1642">
    <p class='ocr_par' dir='ltr' id='par_1_2' title="bbox 58 395 1376 1642">
     <span class='ocr_line' id='line_1_2' title="bbox 133 395 1311 484; baseline -0.001 -20"><span class='ocrx_word' id='word_1_4' title='bbox 133 398 280 465; x_wconf 85' lang='lat' dir='ltr'><strong>sentiens</strong></span> <span class='ocrx_word' id='word_1_5' title='bbox 312 419 418 484; x_wconf 90' lang='lat' dir='ltr'><strong>neque</strong></span> <span class='ocrx_word' id='word_1_6' title='bbox 456 398 665 464; x_wconf 88' lang='lat' dir='ltr'><strong>coniunctum</strong></span> <span class='ocrx_word' id='word_1_7' title='bbox 700 400 813 482; x_wconf 89' lang='lat' dir='ltr'><strong>potest</strong></span> <span class='ocrx_word' id='word_1_8' title='bbox 849 418 929 462; x_wconf 86' lang='lat' dir='ltr'><strong>esse.</strong></span> <span class='ocrx_word' id='word_1_9' title='bbox 983 395 1070 462; x_wconf 91' lang='lat' dir='ltr'><strong>Nam</strong></span> <span class='ocrx_word' id='word_1_10' title='bbox 1099 396 1311 464; x_wconf 80' lang='lat' dir='ltr'>Parmenides</span> 
     </span>
     <span class='ocr_line' id='line_1_3' title="bbox 134 483 1311 574; baseline -0.001 -21"><span class='ocrx_word' id='word_1_11' title='bbox 134 488 267 574; x_wconf 86' lang='lat' dir='ltr'><strong>quidem</strong></span> <span class='ocrx_word' id='word_1_12' title='bbox 286 486 551 552; x_wconf 91' lang='lat' dir='ltr'><strong>commenticium</strong></span> <span class='ocrx_word' id='word_1_13' title='bbox 566 487 719 572; x_wconf 84' lang='lat' dir='ltr'><strong>quiddam</strong></span> <span class='ocrx_word' id='word_1_14' title='bbox 733 507 872 551; x_wconf 84' lang='lat' dir='ltr'><strong>coronae</strong></span> <span class='ocrx_word' id='word_1_15' title='bbox 887 485 994 550; x_wconf 90' lang='lat' dir='ltr'><strong>simile</strong></span> <span class='ocrx_word' id='word_1_16' title='bbox 1009 485 1111 551; x_wconf 89' lang='lat' dir='ltr'><strong>efficit</strong></span> <span class='ocrx_word' id='word_1_17' title='bbox 1124 483 1311 573; x_wconf 73' lang='grc' dir='ltr'><strong>(στεφάνην</strong></span> 
     </span>
     <span class='ocr_line' id='line_1_4' title="bbox 133 574 1312 663; baseline -0.001 -21"><span class='ocrx_word' id='word_1_18' title='bbox 133 574 294 663; x_wconf 85' lang='lat' dir='ltr'><strong>appellat)</strong></span> <span class='ocrx_word' id='word_1_19' title='bbox 313 577 536 641; x_wconf 89' lang='lat' dir='ltr'><strong>continentem</strong></span> <span class='ocrx_word' id='word_1_20' title='bbox 554 575 707 641; x_wconf 89' lang='lat' dir='ltr'><strong>ardorum</strong></span> <span class='ocrx_word' id='word_1_21' title='bbox 720 575 803 641; x_wconf 89' lang='lat' dir='ltr'><strong>lucis</strong></span> <span class='ocrx_word' id='word_1_22' title='bbox 822 575 947 659; x_wconf 92' lang='lat' dir='ltr'><strong>orbem,</strong></span> <span class='ocrx_word' id='word_1_23' title='bbox 970 575 1027 660; x_wconf 89' lang='lat' dir='ltr'><strong>qui</strong></span> <span class='ocrx_word' id='word_1_24' title='bbox 1046 575 1159 662; x_wconf 79' lang='lat' dir='ltr'><strong>cingat</strong></span> <span class='ocrx_word' id='word_1_25' title='bbox 1176 576 1312 662; x_wconf 89' lang='lat' dir='ltr'><strong>caelum,</strong></span> 
     </span>
     <span class='ocr_line' id='line_1_5' title="bbox 134 664 1311 751; baseline 0 -21"><span class='ocrx_word' id='word_1_26' title='bbox 134 688 233 751; x_wconf 92' lang='lat' dir='ltr'><strong>quem</strong></span> <span class='ocrx_word' id='word_1_27' title='bbox 257 665 401 750; x_wconf 90' lang='lat' dir='ltr'><strong>appellat</strong></span> <span class='ocrx_word' id='word_1_28' title='bbox 424 665 534 751; x_wconf 82' lang='lat' dir='ltr'><strong>dcum3</strong></span> <span class='ocrx_word' id='word_1_29' title='bbox 563 664 598 729; x_wconf 89' lang='lat' dir='ltr'><strong>in</strong></span> <span class='ocrx_word' id='word_1_30' title='bbox 628 687 692 750; x_wconf 91' lang='lat' dir='ltr'><strong>quo</strong></span> <span class='ocrx_word' id='word_1_31' title='bbox 722 686 828 750; x_wconf 89' lang='lat' dir='ltr'><strong>neque</strong></span> <span class='ocrx_word' id='word_1_32' title='bbox 857 664 998 751; x_wconf 79' lang='lat' dir='ltr'><strong>figuram</strong></span> <span class='ocrx_word' id='word_1_33' title='bbox 1030 664 1174 729; x_wconf 82' lang='lat' dir='ltr'><strong>divinam</strong></span> <span class='ocrx_word' id='word_1_34' title='bbox 1204 686 1311 750; x_wconf 91' lang='lat' dir='ltr'><strong>neque</strong></span> 
     </span>
     <span class='ocr_line' id='line_1_6' title="bbox 102 752 1313 839; baseline 0.001 -21"><span class='ocrx_word' id='word_1_35' title='bbox 102 775 269 820; x_wconf 81' lang='lat' dir='ltr'><strong>osensum</strong></span> <span class='ocrx_word' id='word_1_36' title='bbox 301 754 475 839; x_wconf 88' lang='lat' dir='ltr'><strong>quisquam</strong></span> <span class='ocrx_word' id='word_1_37' title='bbox 505 753 664 838; x_wconf 88' lang='lat' dir='ltr'><strong>suspicari</strong></span> <span class='ocrx_word' id='word_1_38' title='bbox 693 757 819 838; x_wconf 69' lang='lat' dir='ltr'><strong>potest,</strong></span> <span class='ocrx_word' id='word_1_39' title='bbox 852 752 1019 838; x_wconf 88' lang='lat' dir='ltr'><strong>multaque</strong></span> <span class='ocrx_word' id='word_1_40' title='bbox 1054 752 1198 818; x_wconf 90' lang='lat' dir='ltr'><strong>eiusdem</strong></span> <span class='ocrx_word' id='word_1_41' title='bbox 1228 755 1313 819; x_wconf 82' lang='lat' dir='ltr'><strong>modi</strong></span> 
     </span>
     <span class='ocr_line' id='line_1_7' title="bbox 133 841 1312 929; baseline -0.001 -21"><span class='ocrx_word' id='word_1_42' title='bbox 133 848 298 928; x_wconf 89' lang='lat' dir='ltr'><strong>monstra,</strong></span> <span class='ocrx_word' id='word_1_43' title='bbox 321 843 441 929; x_wconf 86' lang='lat' dir='ltr'>quippe</span> <span class='ocrx_word' id='word_1_44' title='bbox 466 843 521 929; x_wconf 91' lang='lat' dir='ltr'><strong>qui</strong></span> <span class='ocrx_word' id='word_1_45' title='bbox 544 842 680 928; x_wconf 89' lang='lat' dir='ltr'><strong>bellum,</strong></span> <span class='ocrx_word' id='word_1_46' title='bbox 703 843 761 928; x_wconf 90' lang='lat' dir='ltr'><strong>qui</strong></span> <span class='ocrx_word' id='word_1_47' title='bbox 788 841 995 927; x_wconf 81' lang='lat' dir='ltr'><strong>discordiam,</strong></span> <span class='ocrx_word' id='word_1_48' title='bbox 1019 841 1076 928; x_wconf 89' lang='lat' dir='ltr'><strong>qui</strong></span> <span class='ocrx_word' id='word_1_49' title='bbox 1099 842 1312 927; x_wconf 77' lang='lat' dir='ltr'><strong>cupiditatem</strong></span> 
     </span>
     <span class='ocr_line' id='line_1_8' title="bbox 136 930 1311 1018; baseline -0.003 -20"><span class='ocrx_word' id='word_1_50' title='bbox 136 936 309 1017; x_wconf 89' lang='lat' dir='ltr'><strong>ceteraque</strong></span> <span class='ocrx_word' id='word_1_51' title='bbox 332 932 462 1018; x_wconf 84' lang='lat' dir='ltr'><strong>generis</strong></span> <span class='ocrx_word' id='word_1_52' title='bbox 485 932 630 997; x_wconf 86' lang='lat' dir='ltr'><strong>eiusdem</strong></span> <span class='ocrx_word' id='word_1_53' title='bbox 653 931 694 997; x_wconf 89' lang='lat' dir='ltr'><strong>ad</strong></span> <span class='ocrx_word' id='word_1_54' title='bbox 717 932 813 996; x_wconf 89' lang='lat' dir='ltr'><strong>deum</strong></span> <span class='ocrx_word' id='word_1_55' title='bbox 835 935 979 1015; x_wconf 87' lang='lat' dir='ltr'><strong>revocet,</strong></span> <span class='ocrx_word' id='word_1_56' title='bbox 1003 952 1085 1016; x_wconf 91' lang='lat' dir='ltr'><strong>quae</strong></span> <span class='ocrx_word' id='word_1_57' title='bbox 1116 931 1169 996; x_wconf 81' lang='lat' dir='ltr'><strong>vel</strong></span> <span class='ocrx_word' id='word_1_58' title='bbox 1196 930 1311 996; x_wconf 93' lang='lat' dir='ltr'><strong>morbo</strong></span> 
     </span>
     <span class='ocr_line' id='line_1_9' title="bbox 134 1019 1311 1105; baseline -0.003 -18"><span class='ocrx_word' id='word_1_59' title='bbox 134 1021 188 1087; x_wconf 84' lang='lat' dir='ltr'><strong>vel</strong></span> <span class='ocrx_word' id='word_1_60' title='bbox 211 1043 326 1087; x_wconf 90' lang='lat' dir='ltr'><strong>somno</strong></span> <span class='ocrx_word' id='word_1_61' title='bbox 349 1021 402 1087; x_wconf 81' lang='lat' dir='ltr'><strong>vel</strong></span> <span class='ocrx_word' id='word_1_62' title='bbox 425 1020 589 1086; x_wconf 85' lang='lat' dir='ltr'><strong>oblivione</strong></span> <span class='ocrx_word' id='word_1_63' title='bbox 611 1021 664 1086; x_wconf 84' lang='lat' dir='ltr'><strong>vel</strong></span> <span class='ocrx_word' id='word_1_64' title='bbox 685 1023 851 1086; x_wconf 81' lang='lat' dir='ltr'><strong>vetustate</strong></span> <span class='ocrx_word' id='word_1_65' title='bbox 879 1019 1041 1105; x_wconf 70' lang='lat' dir='ltr'><strong>delentur,</strong></span> <span class='ocrx_word' id='word_1_66' title='bbox 1069 1020 1244 1105; x_wconf 92' lang='lat' dir='ltr'><strong>eademque</strong></span> <span class='ocrx_word' id='word_1_67' title='bbox 1272 1020 1311 1084; x_wconf 91' lang='lat' dir='ltr'><strong>de</strong></span> 
     </span>
     <span class='ocr_line' id='line_1_10' title="bbox 136 1107 1376 1225; baseline -0.002 -50"><span class='ocrx_word' id='word_1_68' title='bbox 136 1110 312 1195; x_wconf 85' lang='lat' dir='ltr'><strong>sideribus,</strong></span> <span class='ocrx_word' id='word_1_69' title='bbox 342 1132 425 1196; x_wconf 89' lang='lat' dir='ltr'><strong>quae</strong></span> <span class='ocrx_word' id='word_1_70' title='bbox 460 1109 658 1195; x_wconf 88' lang='lat' dir='ltr'><strong>reprehensa</strong></span> <span class='ocrx_word' id='word_1_71' title='bbox 687 1109 722 1174; x_wconf 90' lang='lat' dir='ltr'><strong>in</strong></span> <span class='ocrx_word' id='word_1_72' title='bbox 751 1108 817 1174; x_wconf 92' lang='lat' dir='ltr'><strong>alio</strong></span> <span class='ocrx_word' id='word_1_73' title='bbox 846 1108 913 1172; x_wconf 90' lang='lat' dir='ltr'><strong>iam</strong></span> <span class='ocrx_word' id='word_1_74' title='bbox 947 1108 982 1173; x_wconf 93' lang='lat' dir='ltr'><strong>in</strong></span> <span class='ocrx_word' id='word_1_75' title='bbox 1010 1107 1074 1175; x_wconf 94' lang='lat' dir='ltr'><strong>hoc</strong></span> <span class='ocrx_word' id='word_1_76' title='bbox 1107 1109 1312 1174; x_wconf 86' lang='lat' dir='ltr'><strong>omittantur.</strong></span> <span class='ocrx_word' id='word_1_77' title='bbox 1334 1160 1376 1225; x_wconf 62' lang='lat'><strong>,2</strong></span> 
     </span>
     <span class='ocr_line' id='line_1_11' title="bbox 90 1197 1366 1301; baseline 0.001 -40"><span class='ocrx_word' id='word_1_78' title='bbox 90 1222 117 1263; x_wconf 83' lang='lat' dir='ltr'><strong>ro</strong></span> <span class='ocrx_word' id='word_1_79' title='bbox 135 1199 352 1283; x_wconf 80' lang='lat' dir='ltr'><strong>Empedocles</strong></span> <span class='ocrx_word' id='word_1_80' title='bbox 380 1203 491 1264; x_wconf 87' lang='lat' dir='ltr'><strong>autem</strong></span> <span class='ocrx_word' id='word_1_81' title='bbox 522 1199 628 1264; x_wconf 91' lang='lat' dir='ltr'><strong>multa</strong></span> <span class='ocrx_word' id='word_1_82' title='bbox 660 1198 725 1263; x_wconf 85' lang='lat' dir='ltr'><strong>alia</strong></span> <span class='ocrx_word' id='word_1_83' title='bbox 756 1219 894 1282; x_wconf 90' lang='lat' dir='ltr'><strong>peccans</strong></span> <span class='ocrx_word' id='word_1_84' title='bbox 924 1197 960 1262; x_wconf 93' lang='lat' dir='ltr'><strong>in</strong></span> <span class='ocrx_word' id='word_1_85' title='bbox 992 1197 1126 1263; x_wconf 89' lang='lat' dir='ltr'><strong>deorum</strong></span> <span class='ocrx_word' id='word_1_86' title='bbox 1159 1197 1366 1301; x_wconf 73' lang='lat' dir='ltr'><strong>opinione„</strong></span> 
     </span>
     <span class='ocr_line' id='line_1_12' title="bbox 135 1280 1347 1372; baseline -0.002 -19"><span class='ocrx_word' id='word_1_87' title='bbox 135 1289 337 1372; x_wconf 76' lang='lat' dir='ltr'><strong>turpissume</strong></span> <span class='ocrx_word' id='word_1_88' title='bbox 360 1288 491 1354; x_wconf 83' lang='lat' dir='ltr'><strong>labitur.</strong></span> <span class='ocrx_word' id='word_1_89' title='bbox 538 1286 702 1363; x_wconf 79' lang='lat' dir='ltr'><strong>Quattuor</strong></span> <span class='ocrx_word' id='word_1_90' title='bbox 725 1287 812 1351; x_wconf 90' lang='lat' dir='ltr'><strong>enim</strong></span> <span class='ocrx_word' id='word_1_91' title='bbox 834 1289 979 1371; x_wconf 88' lang='lat' dir='ltr'><strong>naturas,</strong></span> <span class='ocrx_word' id='word_1_92' title='bbox 1003 1308 1042 1351; x_wconf 84' lang='lat' dir='ltr'><strong>ex</strong></span> <span class='ocrx_word' id='word_1_93' title='bbox 1065 1286 1183 1372; x_wconf 89' lang='lat' dir='ltr'><strong>quibus</strong></span> <span class='ocrx_word' id='word_1_94' title='bbox 1203 1287 1313 1352; x_wconf 88' lang='lat' dir='ltr'><strong>omnia</strong></span> <span class='ocrx_word' id='word_1_95' title='bbox 1333 1280 1347 1299; x_wconf 68' lang='lat'><em>⁶</em></span> 
     </span>
     <span class='ocr_line' id='line_1_13' title="bbox 136 1375 1313 1462; baseline -0.003 -20"><span class='ocrx_word' id='word_1_96' title='bbox 136 1380 288 1442; x_wconf 81' lang='lat' dir='ltr'><strong>constare</strong></span> <span class='ocrx_word' id='word_1_97' title='bbox 313 1380 436 1462; x_wconf 87' lang='lat' dir='ltr'><strong>censet,</strong></span> <span class='ocrx_word' id='word_1_98' title='bbox 460 1376 587 1442; x_wconf 86' lang='lat' dir='ltr'><strong>divinas</strong></span> <span class='ocrx_word' id='word_1_99' title='bbox 611 1398 682 1441; x_wconf 87' lang='lat' dir='ltr'><strong>esse</strong></span> <span class='ocrx_word' id='word_1_100' title='bbox 705 1376 791 1460; x_wconf 68' lang='lat' dir='ltr'><strong>vult,</strong></span> <span class='ocrx_word' id='word_1_101' title='bbox 815 1397 896 1460; x_wconf 89' lang='lat' dir='ltr'><strong>quas</strong></span> <span class='ocrx_word' id='word_1_102' title='bbox 920 1379 954 1440; x_wconf 91' lang='lat' dir='ltr'><strong>et</strong></span> <span class='ocrx_word' id='word_1_103' title='bbox 975 1375 1067 1440; x_wconf 88' lang='lat' dir='ltr'><strong>nasci</strong></span> <span class='ocrx_word' id='word_1_104' title='bbox 1090 1379 1124 1441; x_wconf 88' lang='lat' dir='ltr'><strong>et</strong></span> <span class='ocrx_word' id='word_1_105' title='bbox 1146 1375 1313 1462; x_wconf 81' lang='lat' dir='ltr'><strong>exstingui</strong></span> 
     </span>
     <span class='ocr_line' id='line_1_14' title="bbox 58 1463 1313 1551; baseline -0.001 -21"><span class='ocrx_word' id='word_1_106' title='bbox 58 1517 63 1521; x_wconf 87' lang='lat'><em>.</em></span> <span class='ocrx_word' id='word_1_107' title='bbox 133 1465 345 1551; x_wconf 87' lang='lat' dir='ltr'><strong>perspicuum</strong></span> <span class='ocrx_word' id='word_1_108' title='bbox 373 1470 423 1531; x_wconf 87' lang='lat' dir='ltr'><strong>cst</strong></span> <span class='ocrx_word' id='word_1_109' title='bbox 450 1470 484 1530; x_wconf 87' lang='lat' dir='ltr'><strong>et</strong></span> <span class='ocrx_word' id='word_1_110' title='bbox 512 1487 610 1531; x_wconf 86' lang='lat' dir='ltr'><strong>sensu</strong></span> <span class='ocrx_word' id='word_1_111' title='bbox 637 1464 726 1531; x_wconf 94' lang='lat' dir='ltr'><strong>omni</strong></span> <span class='ocrx_word' id='word_1_112' title='bbox 754 1486 872 1530; x_wconf 87' lang='lat' dir='ltr'><strong>carere.</strong></span> <span class='ocrx_word' id='word_1_113' title='bbox 921 1463 992 1529; x_wconf 93' lang='lat' dir='ltr'><strong>Nec</strong></span> <span class='ocrx_word' id='word_1_114' title='bbox 1010 1486 1085 1530; x_wconf 86' lang='lat' dir='ltr'><strong>vero</strong></span> <span class='ocrx_word' id='word_1_115' title='bbox 1104 1463 1313 1550; x_wconf 81' lang='lat' dir='ltr'><strong>Protagoras,</strong></span> 
     </span>
     <span class='ocr_line' id='line_1_15' title="bbox 136 1552 1314 1642; baseline -0.003 -22"><span class='ocrx_word' id='word_1_116' title='bbox 136 1555 195 1640; x_wconf 88' lang='lat' dir='ltr'><strong>qui</strong></span> <span class='ocrx_word' id='word_1_117' title='bbox 218 1576 289 1620; x_wconf 89' lang='lat' dir='ltr'><strong>sese</strong></span> <span class='ocrx_word' id='word_1_118' title='bbox 311 1558 413 1642; x_wconf 78' lang='lat' dir='ltr'><strong>negat</strong></span> <span class='ocrx_word' id='word_1_119' title='bbox 435 1554 569 1621; x_wconf 92' lang='lat' dir='ltr'><strong>omnino</strong></span> <span class='ocrx_word' id='word_1_120' title='bbox 593 1553 632 1619; x_wconf 92' lang='lat' dir='ltr'><strong>de</strong></span> <span class='ocrx_word' id='word_1_121' title='bbox 650 1553 712 1619; x_wconf 89' lang='lat' dir='ltr'><strong>diis</strong></span> <span class='ocrx_word' id='word_1_122' title='bbox 731 1552 852 1619; x_wconf 91' lang='lat' dir='ltr'><strong>habere</strong></span> <span class='ocrx_word' id='word_1_123' title='bbox 876 1553 962 1638; x_wconf 91' lang='lat' dir='ltr'><strong>quod</strong></span> <span class='ocrx_word' id='word_1_124' title='bbox 985 1553 1123 1639; x_wconf 88' lang='lat' dir='ltr'><strong>liqueat,</strong></span> <span class='ocrx_word' id='word_1_125' title='bbox 1147 1552 1223 1639; x_wconf 90' lang='lat' dir='ltr'><strong>sint,</strong></span> <span class='ocrx_word' id='word_1_126' title='bbox 1246 1574 1314 1618; x_wconf 93' lang='lat' dir='ltr'><strong>non</strong></span> 
     </span>
    </p>
   </div>
   <div class='ocr_carea' id='block_1_3' title="bbox 46 1778 1317 4483">
    <p class='ocr_par' dir='ltr' id='par_1_3' title="bbox 135 1778 1314 2279">
     <span class='ocr_line' id='line_1_16' title="bbox 174 1778 1134 1852; baseline -0.004 -13"><span class='ocrx_word' id='word_1_127' title='bbox 174 1790 200 1839; x_wconf 91' lang='lat'><strong>1.</strong></span> <span class='ocrx_word' id='word_1_128' title='bbox 217 1799 304 1852; x_wconf 66' lang='lat' dir='ltr'><strong>merce</strong></span> <span class='ocrx_word' id='word_1_129' title='bbox 329 1783 513 1840; x_wconf 69' lang='lat' dir='ltr'><strong>oratiototam.</strong></span> <span class='ocrx_word' id='word_1_130' title='bbox 550 1782 605 1837; x_wconf 87' lang='lat' dir='ltr'><strong>Mit</strong></span> <span class='ocrx_word' id='word_1_131' title='bbox 633 1782 698 1837; x_wconf 86' lang='lat' dir='ltr'><strong>dem</strong></span> <span class='ocrx_word' id='word_1_132' title='bbox 787 1782 820 1836; x_wconf 80' lang='lat' dir='ltr'><strong>im</strong></span> <span class='ocrx_word' id='word_1_133' title='bbox 838 1781 909 1837; x_wconf 79' lang='lat' dir='ltr'><strong>alio:</strong></span> <span class='ocrx_word' id='word_1_134' title='bbox 928 1796 974 1834; x_wconf 84' lang='lat' dir='ltr'><strong>am</strong></span> <span class='ocrx_word' id='word_1_135' title='bbox 993 1778 1134 1835; x_wconf 82' lang='lat' dir='ltr'><strong>Alcmaeo.</strong></span> 
     </span>
     <span class='ocr_line' id='line_1_17' title="bbox 135 1848 1313 1922; baseline -0.003 -14"><span class='ocrx_word' id='word_1_136' title='bbox 135 1853 336 1908; x_wconf 84' lang='lat' dir='ltr'><strong>Uncndlichen</strong></span> <span class='ocrx_word' id='word_1_137' title='bbox 353 1852 428 1907; x_wconf 87' lang='lat' dir='ltr'><strong>kann</strong></span> <span class='ocrx_word' id='word_1_138' title='bbox 448 1853 510 1909; x_wconf 86' lang='lat' dir='ltr'><strong>rich</strong></span> <span class='ocrx_word' id='word_1_139' title='bbox 528 1853 623 1909; x_wconf 86' lang='lat' dir='ltr'><strong>nichts</strong></span> <span class='ocrx_word' id='word_1_140' title='bbox 637 1870 698 1908; x_wconf 87' lang='lat' dir='ltr'><strong>ver·</strong></span> <span class='ocrx_word' id='word_1_141' title='bbox 790 1858 832 1906; x_wconf 92' lang='lat'><strong>10.</strong></span> <span class='ocrx_word' id='word_1_142' title='bbox 860 1852 1036 1922; x_wconf 74' lang='lat' dir='ltr'><strong>Erupedocleo</strong></span> <span class='ocrx_word' id='word_1_143' title='bbox 1078 1868 1128 1906; x_wconf 84' lang='lat' dir='ltr'><strong>aus</strong></span> <span class='ocrx_word' id='word_1_144' title='bbox 1164 1848 1313 1921; x_wconf 78' lang='lat' dir='ltr'><strong>Agrigent,</strong></span> 
     </span>
     <span class='ocr_line' id='line_1_18' title="bbox 137 1921 1312 1993; baseline -0.003 -14"><span class='ocrx_word' id='word_1_145' title='bbox 137 1925 252 1991; x_wconf 89' lang='lat' dir='ltr'><strong>binden‚</strong></span> <span class='ocrx_word' id='word_1_146' title='bbox 272 1924 310 1977; x_wconf 87' lang='lat' dir='ltr'><strong>da</strong></span> <span class='ocrx_word' id='word_1_147' title='bbox 332 1923 488 1980; x_wconf 82' lang='lat' dir='ltr'><strong>ausserhalb</strong></span> <span class='ocrx_word' id='word_1_148' title='bbox 515 1924 563 1980; x_wconf 85' lang='lat' dir='ltr'><strong>dar</strong></span> <span class='ocrx_word' id='word_1_149' title='bbox 591 1925 697 1980; x_wconf 85' lang='lat' dir='ltr'><strong>unand-</strong></span> <span class='ocrx_word' id='word_1_150' title='bbox 753 1923 817 1993; x_wconf 81' lang='lat' dir='ltr'><strong>geb.</strong></span> <span class='ocrx_word' id='word_1_151' title='bbox 842 1940 889 1977; x_wconf 89' lang='lat' dir='ltr'><strong>um</strong></span> <span class='ocrx_word' id='word_1_152' title='bbox 917 1928 979 1978; x_wconf 80' lang='lat'>490.</span> <span class='ocrx_word' id='word_1_153' title='bbox 1024 1922 1057 1976; x_wconf 92' lang='lat' dir='ltr'><strong>In</strong></span> <span class='ocrx_word' id='word_1_154' title='bbox 1089 1921 1196 1977; x_wconf 85' lang='lat' dir='ltr'><strong>reinem</strong></span> <span class='ocrx_word' id='word_1_155' title='bbox 1227 1921 1312 1976; x_wconf 88' lang='lat' dir='ltr'><strong>Lehr-</strong></span> 
     </span>
     <span class='ocr_line' id='line_1_19' title="bbox 136 1990 1314 2064; baseline -0.003 -14"><span class='ocrx_word' id='word_1_156' title='bbox 136 1995 242 2064; x_wconf 83' lang='lat' dir='ltr'><strong>lichen,</strong></span> <span class='ocrx_word' id='word_1_157' title='bbox 253 1994 324 2049; x_wconf 87' lang='lat' dir='ltr'><strong>alles</strong></span> <span class='ocrx_word' id='word_1_158' title='bbox 333 1994 364 2049; x_wconf 88' lang='lat' dir='ltr'><strong>in</strong></span> <span class='ocrx_word' id='word_1_159' title='bbox 378 1994 439 2051; x_wconf 88' lang='lat' dir='ltr'><strong>sich</strong></span> <span class='ocrx_word' id='word_1_160' title='bbox 449 1994 699 2051; x_wconf 81' lang='lat' dir='ltr'><strong>einscblicssendcn</strong></span> <span class='ocrx_word' id='word_1_161' title='bbox 752 1993 886 2064; x_wconf 82' lang='lat' dir='ltr'><strong>gedichte</strong></span> <span class='ocrx_word' id='word_1_162' title='bbox 918 1995 985 2062; x_wconf 74' lang='grc' dir='ltr'><strong>περὶ</strong></span> <span class='ocrx_word' id='word_1_163' title='bbox 1011 1990 1123 2062; x_wconf 78' lang='grc' dir='ltr'><strong><em>φύσεως</em></strong></span> <span class='ocrx_word' id='word_1_164' title='bbox 1156 1993 1252 2048; x_wconf 84' lang='lat' dir='ltr'><strong>stelltc</strong></span> <span class='ocrx_word' id='word_1_165' title='bbox 1283 2008 1314 2047; x_wconf 90' lang='lat' dir='ltr'><strong>er</strong></span> 
     </span>
     <span class='ocr_line' id='line_1_20' title="bbox 136 2063 1314 2147; baseline -0.001 -27"><span class='ocrx_word' id='word_1_166' title='bbox 136 2066 233 2122; x_wconf 89' lang='lat' dir='ltr'><strong>leeren</strong></span> <span class='ocrx_word' id='word_1_167' title='bbox 260 2066 382 2121; x_wconf 82' lang='lat' dir='ltr'><strong>Raumes</strong></span> <span class='ocrx_word' id='word_1_168' title='bbox 414 2066 509 2122; x_wconf 88' lang='lat' dir='ltr'><strong>nichts</strong></span> <span class='ocrx_word' id='word_1_169' title='bbox 534 2067 699 2122; x_wconf 88' lang='lat' dir='ltr'><strong>vorhanden</strong></span> <span class='ocrx_word' id='word_1_170' title='bbox 752 2066 847 2119; x_wconf 82' lang='lat' dir='ltr'><strong>zuerst</strong></span> <span class='ocrx_word' id='word_1_171' title='bbox 878 2063 924 2119; x_wconf 90' lang='lat' dir='ltr'><strong>die</strong></span> <span class='ocrx_word' id='word_1_172' title='bbox 955 2064 1046 2147; x_wconf 76' lang='lat' dir='ltr'><strong>Lehre</strong></span> <span class='ocrx_word' id='word_1_173' title='bbox 1077 2082 1133 2119; x_wconf 76' lang='lat' dir='ltr'><strong>ron</strong></span> <span class='ocrx_word' id='word_1_174' title='bbox 1165 2065 1221 2118; x_wconf 92' lang='lat' dir='ltr'><strong>den</strong></span> <span class='ocrx_word' id='word_1_175' title='bbox 1252 2063 1314 2119; x_wconf 84' lang='lat' dir='ltr'><strong>vier</strong></span> 
     </span>
     <span class='ocr_line' id='line_1_21' title="bbox 136 2135 1314 2279; baseline -0.002 -17"><span class='ocrx_word' id='word_1_176' title='bbox 136 2137 700 2279; x_wconf 59' lang='lat' dir='ltr'><strong>§statueratisrrae.</strong></span> <span class='ocrx_word' id='word_1_177' title='bbox 752 2135 1177 2277; x_wconf 56' lang='lat' dir='ltr'><strong>{carrucarum</strong></span> <span class='ocrx_word' id='word_1_178' title='bbox 1185 2135 1314 2261; x_wconf 58' lang='lat' dir='ltr'><strong>titt</strong></span> 
     </span>
    </p>

    <p class='ocr_par' dir='ltr' id='par_1_4' title="bbox 136 2278 1315 2563">
     <span class='ocr_line' id='line_1_22' title="bbox 172 2278 1253 2350; baseline -0.001 -17"><span class='ocrx_word' id='word_1_179' title='bbox 172 2279 352 2335; x_wconf 73' lang='lat' dir='ltr'><strong>Parmenides</strong></span> <span class='ocrx_word' id='word_1_180' title='bbox 383 2296 434 2334; x_wconf 83' lang='lat' dir='ltr'><strong>aus</strong></span> <span class='ocrx_word' id='word_1_181' title='bbox 466 2279 547 2350; x_wconf 84' lang='lat' dir='ltr'><strong>Elea,</strong></span> <span class='ocrx_word' id='word_1_182' title='bbox 582 2280 700 2335; x_wconf 79' lang='lat' dir='ltr'><strong>Schdler</strong></span> <span class='ocrx_word' id='word_1_183' title='bbox 753 2278 817 2333; x_wconf 76' lang='lat' dir='ltr'><strong>ltsst</strong></span> <span class='ocrx_word' id='word_1_184' title='bbox 834 2279 924 2333; x_wconf 88' lang='lat' dir='ltr'><strong>durch</strong></span> <span class='ocrx_word' id='word_1_185' title='bbox 942 2279 1057 2347; x_wconf 76' lang='grc' dir='ltr'><strong><em>φιλότης</em></strong></span> <span class='ocrx_word' id='word_1_186' title='bbox 1075 2278 1133 2332; x_wconf 88' lang='lat' dir='ltr'><strong>und</strong></span> <span class='ocrx_word' id='word_1_187' title='bbox 1151 2284 1253 2340; x_wconf 78' lang='grc' dir='ltr'><strong><em>νεῖκος.</em></strong></span> 
     </span>
     <span class='ocr_line' id='line_1_23' title="bbox 137 2348 1314 2422; baseline -0.002 -17"><span class='ocrx_word' id='word_1_188' title='bbox 137 2351 189 2406; x_wconf 84' lang='lat' dir='ltr'><strong>des</strong></span> <span class='ocrx_word' id='word_1_189' title='bbox 207 2349 287 2406; x_wconf 88' lang='lat' dir='ltr'><strong>Xeno</strong></span> <span class='ocrx_word' id='word_1_190' title='bbox 309 2351 405 2419; x_wconf 82' lang='lat' dir='ltr'><strong>hanes,</strong></span> <span class='ocrx_word' id='word_1_191' title='bbox 424 2351 489 2422; x_wconf 82' lang='lat' dir='ltr'><strong>gab.</strong></span> <span class='ocrx_word' id='word_1_192' title='bbox 503 2369 551 2406; x_wconf 89' lang='lat' dir='ltr'><strong>nm</strong></span> <span class='ocrx_word' id='word_1_193' title='bbox 569 2357 629 2419; x_wconf 77' lang='lat'><strong>520,</strong></span> <span class='ocrx_word' id='word_1_194' title='bbox 649 2352 700 2407; x_wconf 90' lang='lat' dir='ltr'><strong>der</strong></span> <span class='ocrx_word' id='word_1_195' title='bbox 789 2352 822 2406; x_wconf 77' lang='lat' dir='ltr'><strong>im</strong></span> <span class='ocrx_word' id='word_1_196' title='bbox 839 2352 951 2407; x_wconf 62' lang='lat' dir='ltr'><strong>morum</strong></span> <span class='ocrx_word' id='word_1_197' title='bbox 964 2351 1106 2421; x_wconf 78' lang='lat' dir='ltr'><strong>opimiom,</strong></span> <span class='ocrx_word' id='word_1_198' title='bbox 1120 2348 1174 2405; x_wconf 88' lang='lat' dir='ltr'><strong>wie</strong></span> <span class='ocrx_word' id='word_1_199' title='bbox 1188 2348 1314 2404; x_wconf 86' lang='lat' dir='ltr'><strong>nachher</strong></span> 
     </span>
     <span class='ocr_line' id='line_1_24' title="bbox 136 2369 1315 2493; baseline -0.002 -15"><span class='ocrx_word' id='word_1_200' title='bbox 136 2369 345 2478; x_wconf 70' lang='lat' dir='ltr'><strong>bedentendsm</strong></span> <span class='ocrx_word' id='word_1_201' title='bbox 359 2425 409 2478; x_wconf 86' lang='lat' dir='ltr'><strong>der</strong></span> <span class='ocrx_word' id='word_1_202' title='bbox 419 2423 594 2479; x_wconf 85' lang='lat' dir='ltr'><strong>eleatisohen</strong></span> <span class='ocrx_word' id='word_1_203' title='bbox 602 2424 698 2478; x_wconf 89' lang='lat' dir='ltr'><strong>Philo·</strong></span> <span class='ocrx_word' id='word_1_204' title='bbox 753 2425 909 2493; x_wconf 78' lang='lat' dir='ltr'><strong>opinionem</strong></span> <span class='ocrx_word' id='word_1_205' title='bbox 918 2424 991 2490; x_wconf 61' lang='lat' dir='ltr'><strong>eiua·</strong></span> <span class='ocrx_word' id='word_1_206' title='bbox 1005 2421 1088 2476; x_wconf 70' lang='lat' dir='ltr'><strong>datur</strong></span> <span class='ocrx_word' id='word_1_207' title='bbox 1099 2422 1148 2490; x_wconf 88' lang='lat'><strong>111,</strong></span> <span class='ocrx_word' id='word_1_208' title='bbox 1160 2428 1205 2477; x_wconf 88' lang='lat'><strong>11:</strong></span> <span class='ocrx_word' id='word_1_209' title='bbox 1220 2422 1315 2493; x_wconf 76' lang='lat' dir='ltr'><strong>opimio</strong></span> 
     </span>
     <span class='ocr_line' id='line_1_25' title="bbox 137 2493 1073 2563; baseline 0 -15"><span class='ocrx_word' id='word_1_210' title='bbox 137 2493 257 2563; x_wconf 89' lang='lat' dir='ltr'><strong>sophen.</strong></span> <span class='ocrx_word' id='word_1_211' title='bbox 753 2496 786 2551; x_wconf 82' lang='lat' dir='ltr'><strong>de</strong></span> <span class='ocrx_word' id='word_1_212' title='bbox 804 2496 848 2549; x_wconf 81' lang='lat' dir='ltr'><strong>dic</strong></span> <span class='ocrx_word' id='word_1_213' title='bbox 866 2494 1073 2549; x_wconf 72' lang='lat' dir='ltr'><strong>immortalibus.</strong></span> 
     </span>
    </p>

    <p class='ocr_par' dir='ltr' id='par_1_5' title="bbox 137 2564 1315 2987">
     <span class='ocr_line' id='line_1_26' title="bbox 174 2564 1314 2633; baseline -0.003 -14"><span class='ocrx_word' id='word_1_214' title='bbox 174 2571 200 2621; x_wconf 77' lang='lat'><strong>2.</strong></span> <span class='ocrx_word' id='word_1_215' title='bbox 220 2581 335 2620; x_wconf 74' lang='lat' dir='ltr'><strong>ocream</strong></span> <span class='ocrx_word' id='word_1_216' title='bbox 358 2567 463 2633; x_wconf 58' lang='lat' dir='ltr'><strong>amem,</strong></span> <span class='ocrx_word' id='word_1_217' title='bbox 486 2566 560 2620; x_wconf 86' lang='lat' dir='ltr'><strong>nach</strong></span> <span class='ocrx_word' id='word_1_218' title='bbox 585 2566 698 2621; x_wconf 83' lang='lat' dir='ltr'><strong>Parme·</strong></span> <span class='ocrx_word' id='word_1_219' title='bbox 791 2571 832 2621; x_wconf 88' lang='lat'><strong>11.</strong></span> <span class='ocrx_word' id='word_1_220' title='bbox 848 2571 976 2633; x_wconf 75' lang='lat' dir='ltr'><strong>caturca,</strong></span> <span class='ocrx_word' id='word_1_221' title='bbox 995 2582 1016 2619; x_wconf 86' lang='lat' dir='ltr'><strong>s.</strong></span> <span class='ocrx_word' id='word_1_222' title='bbox 1030 2582 1053 2620; x_wconf 83' lang='lat' dir='ltr'><strong>z.</strong></span> <span class='ocrx_word' id='word_1_223' title='bbox 1068 2569 1083 2629; x_wconf 66' lang='grc' dir='ltr'>ξ</span> <span class='ocrx_word' id='word_1_224' title='bbox 1097 2568 1140 2620; x_wconf 72' lang='lat'><strong>22.</strong></span> <span class='ocrx_word' id='word_1_225' title='bbox 1151 2594 1185 2604; x_wconf 99' lang='lat'>-</span> <span class='ocrx_word' id='word_1_226' title='bbox 1196 2564 1314 2619; x_wconf 78' lang='lat' dir='ltr'><strong>dicimos,</strong></span> 
     </span>
     <span class='ocr_line' id='line_1_27' title="bbox 137 2631 1314 2722; baseline -0.002 -32"><span class='ocrx_word' id='word_1_227' title='bbox 137 2635 221 2691; x_wconf 87' lang='lat' dir='ltr'><strong>nides</strong></span> <span class='ocrx_word' id='word_1_228' title='bbox 243 2637 359 2691; x_wconf 84' lang='lat' dir='ltr'><strong>bestsht</strong></span> <span class='ocrx_word' id='word_1_229' title='bbox 386 2635 432 2691; x_wconf 91' lang='lat' dir='ltr'><strong>die</strong></span> <span class='ocrx_word' id='word_1_230' title='bbox 451 2636 529 2691; x_wconf 90' lang='lat' dir='ltr'><strong>Welt</strong></span> <span class='ocrx_word' id='word_1_231' title='bbox 556 2653 606 2691; x_wconf 82' lang='lat' dir='ltr'><strong>aus</strong></span> <span class='ocrx_word' id='word_1_232' title='bbox 628 2638 699 2692; x_wconf 85' lang='lat' dir='ltr'><strong>kon·</strong></span> <span class='ocrx_word' id='word_1_233' title='bbox 754 2635 817 2692; x_wconf 85' lang='lat' dir='ltr'><strong>Aet.</strong></span> <span class='ocrx_word' id='word_1_234' title='bbox 841 2636 915 2722; x_wconf 77' lang='lat' dir='ltr'><strong>plac.</strong></span> <span class='ocrx_word' id='word_1_235' title='bbox 939 2637 960 2703; x_wconf 86' lang='lat'><strong>1,</strong></span> <span class='ocrx_word' id='word_1_236' title='bbox 971 2643 995 2703; x_wconf 79' lang='lat'><strong>7,</strong></span> <span class='ocrx_word' id='word_1_237' title='bbox 1006 2651 1032 2690; x_wconf 82' lang='lat' dir='ltr'><strong>re</strong></span> <span class='ocrx_word' id='word_1_238' title='bbox 1059 2633 1150 2689; x_wconf 84' lang='lat' dir='ltr'><strong>Diels:</strong></span> <span class='ocrx_word' id='word_1_239' title='bbox 1179 2632 1254 2704; x_wconf 71' lang='grc' dir='ltr'><em>λέγει</em></span> <span class='ocrx_word' id='word_1_240' title='bbox 1282 2631 1314 2688; x_wconf 65' lang='grc' dir='ltr'><strong>δὲ</strong></span> 
     </span>
     <span class='ocr_line' id='line_1_28' title="bbox 140 2701 1315 2778; baseline -0.002 -17"><span class='ocrx_word' id='word_1_241' title='bbox 140 2706 318 2762; x_wconf 86' lang='lat' dir='ltr'><strong>centrischen</strong></span> <span class='ocrx_word' id='word_1_242' title='bbox 341 2707 472 2778; x_wconf 80' lang='lat' dir='ltr'><strong>feurigen</strong></span> <span class='ocrx_word' id='word_1_243' title='bbox 496 2707 624 2763; x_wconf 83' lang='lat' dir='ltr'><strong>Krcisen.</strong></span> <span class='ocrx_word' id='word_1_244' title='bbox 667 2708 700 2762; x_wconf 91' lang='lat' dir='ltr'><strong>In</strong></span> <span class='ocrx_word' id='word_1_245' title='bbox 754 2707 805 2762; x_wconf 78' lang='lat' dir='ltr'><strong>eet</strong></span> <span class='ocrx_word' id='word_1_246' title='bbox 821 2726 857 2760; x_wconf 79' lang='grc' dir='ltr'><strong>τα</strong></span> <span class='ocrx_word' id='word_1_247' title='bbox 876 2713 1000 2776; x_wconf 73' lang='grc' dir='ltr'><em>στοιχεῖα</em></span> <span class='ocrx_word' id='word_1_248' title='bbox 1013 2701 1103 2769; x_wconf 72' lang='grc' dir='ltr'><strong><em>θεοὺς</em></strong></span> <span class='ocrx_word' id='word_1_249' title='bbox 1117 2704 1166 2761; x_wconf 77' lang='grc' dir='ltr'><strong>καὶ</strong></span> <span class='ocrx_word' id='word_1_250' title='bbox 1179 2702 1212 2759; x_wconf 82' lang='grc' dir='ltr'><strong>τὸ</strong></span> <span class='ocrx_word' id='word_1_251' title='bbox 1226 2711 1315 2775; x_wconf 73' lang='grc' dir='ltr'>μῖγμα</span> 
     </span>
     <span class='ocr_line' id='line_1_29' title="bbox 139 2773 1314 2847; baseline -0.001 -15"><span class='ocrx_word' id='word_1_252' title='bbox 139 2778 206 2833; x_wconf 88' lang='lat' dir='ltr'><strong>dem</strong></span> <span class='ocrx_word' id='word_1_253' title='bbox 224 2777 382 2833; x_wconf 84' lang='lat' dir='ltr'><strong>mittclsten</strong></span> <span class='ocrx_word' id='word_1_254' title='bbox 396 2779 556 2847; x_wconf 88' lang='lat' dir='ltr'><strong>derselben‚</strong></span> <span class='ocrx_word' id='word_1_255' title='bbox 575 2778 616 2833; x_wconf 91' lang='lat' dir='ltr'><strong>im</strong></span> <span class='ocrx_word' id='word_1_256' title='bbox 630 2777 699 2833; x_wconf 83' lang='lat' dir='ltr'><strong>Cen·</strong></span> <span class='ocrx_word' id='word_1_257' title='bbox 754 2776 863 2833; x_wconf 73' lang='grc' dir='ltr'><strong><em>τούτων</em></strong></span> <span class='ocrx_word' id='word_1_258' title='bbox 887 2773 937 2831; x_wconf 84' lang='grc' dir='ltr'><strong>τὸν</strong></span> <span class='ocrx_word' id='word_1_259' title='bbox 970 2775 1084 2846; x_wconf 67' lang='lat' dir='ltr'><strong>noceor.</strong></span> <span class='ocrx_word' id='word_1_260' title='bbox 1128 2775 1314 2845; x_wconf 83' lang='lat' dir='ltr'><strong>Empedocles</strong></span> 
     </span>
     <span class='ocr_line' id='line_1_30' title="bbox 138 2846 1315 2919; baseline -0.003 -15"><span class='ocrx_word' id='word_1_261' title='bbox 138 2851 216 2904; x_wconf 88' lang='lat' dir='ltr'><strong>trum</strong></span> <span class='ocrx_word' id='word_1_262' title='bbox 230 2850 281 2905; x_wconf 90' lang='lat' dir='ltr'><strong>der</strong></span> <span class='ocrx_word' id='word_1_263' title='bbox 294 2850 383 2919; x_wconf 89' lang='lat' dir='ltr'><strong>Welt,</strong></span> <span class='ocrx_word' id='word_1_264' title='bbox 398 2849 551 2906; x_wconf 81' lang='lat' dir='ltr'><strong>waltetdie</strong></span> <span class='ocrx_word' id='word_1_265' title='bbox 560 2850 700 2906; x_wconf 82' lang='lat' dir='ltr'><strong>Gottheit.</strong></span> <span class='ocrx_word' id='word_1_266' title='bbox 753 2849 835 2904; x_wconf 86' lang='lat' dir='ltr'><strong>hatte</strong></span> <span class='ocrx_word' id='word_1_267' title='bbox 845 2847 1076 2917; x_wconf 83' lang='lat' dir='ltr'><strong>allegorisiercnd</strong></span> <span class='ocrx_word' id='word_1_268' title='bbox 1086 2846 1142 2901; x_wconf 90' lang='lat' dir='ltr'><strong>den</strong></span> <span class='ocrx_word' id='word_1_269' title='bbox 1149 2846 1315 2901; x_wconf 85' lang='lat' dir='ltr'><strong>Elementcn</strong></span> 
     </span>
     <span class='ocr_line' id='line_1_31' title="bbox 138 2909 1314 2987; baseline -0.003 -12"><span class='ocrx_word' id='word_1_270' title='bbox 138 2909 217 2975; x_wconf 78' lang='lat' dir='ltr'><strong>Uber</strong></span> <span class='ocrx_word' id='word_1_271' title='bbox 231 2921 281 2976; x_wconf 84' lang='lat' dir='ltr'><strong>das</strong></span> <span class='ocrx_word' id='word_1_272' title='bbox 292 2920 397 2977; x_wconf 88' lang='lat' dir='ltr'><strong>Wesen</strong></span> <span class='ocrx_word' id='word_1_273' title='bbox 412 2921 561 2976; x_wconf 86' lang='lat' dir='ltr'><strong>derselben</strong></span> <span class='ocrx_word' id='word_1_274' title='bbox 574 2921 626 2976; x_wconf 87' lang='lat' dir='ltr'><strong>bat</strong></span> <span class='ocrx_word' id='word_1_275' title='bbox 639 2921 700 2976; x_wconf 88' lang='lat' dir='ltr'><strong>sich</strong></span> <span class='ocrx_word' id='word_1_276' title='bbox 754 2920 802 2974; x_wconf 89' lang='lat' dir='ltr'><strong>die</strong></span> <span class='ocrx_word' id='word_1_277' title='bbox 838 2919 949 2973; x_wconf 87' lang='lat' dir='ltr'><strong>Namen</strong></span> <span class='ocrx_word' id='word_1_278' title='bbox 988 2918 1039 2972; x_wconf 92' lang='lat' dir='ltr'><strong>der</strong></span> <span class='ocrx_word' id='word_1_279' title='bbox 1069 2917 1314 2987; x_wconf 77' lang='lat' dir='ltr'><strong>mythologischen</strong></span> 
     </span>
    </p>

    <p class='ocr_par' dir='ltr' id='par_1_6' title="bbox 46 2988 1316 3129">
     <span class='ocr_line' id='line_1_32' title="bbox 46 2988 1316 3063; baseline -0.002 -18"><span class='ocrx_word' id='word_1_280' title='bbox 46 3018 51 3024; x_wconf 91' lang='lat'><strong>·</strong></span> <span class='ocrx_word' id='word_1_281' title='bbox 138 2991 323 3047; x_wconf 84' lang='lat' dir='ltr'><strong>Parmenides</strong></span> <span class='ocrx_word' id='word_1_282' title='bbox 358 2991 440 3046; x_wconf 88' lang='lat' dir='ltr'><strong>nicht</strong></span> <span class='ocrx_word' id='word_1_283' title='bbox 471 2992 569 3047; x_wconf 87' lang='lat' dir='ltr'><strong>weiter</strong></span> <span class='ocrx_word' id='word_1_284' title='bbox 600 3009 699 3063; x_wconf 81' lang='lat' dir='ltr'><strong>ausge-</strong></span> <span class='ocrx_word' id='word_1_285' title='bbox 754 2991 856 3047; x_wconf 79' lang='lat' dir='ltr'><strong>Gotter</strong></span> <span class='ocrx_word' id='word_1_286' title='bbox 873 2988 1031 3060; x_wconf 73' lang='lat' dir='ltr'><strong>beigelegt;</strong></span> <span class='ocrx_word' id='word_1_287' title='bbox 1056 3004 1088 3043; x_wconf 85' lang='lat' dir='ltr'><strong>so</strong></span> <span class='ocrx_word' id='word_1_288' title='bbox 1115 2989 1153 3044; x_wconf 85' lang='lat' dir='ltr'><strong>ist</strong></span> <span class='ocrx_word' id='word_1_289' title='bbox 1177 2988 1238 3043; x_wconf 88' lang='lat' dir='ltr'><strong>ihm</strong></span> <span class='ocrx_word' id='word_1_290' title='bbox 1263 2989 1316 3043; x_wconf 86' lang='lat' dir='ltr'><strong>das</strong></span> 
     </span>
     <span class='ocr_line' id='line_1_33' title="bbox 140 3058 1193 3129; baseline -0.003 -13"><span class='ocrx_word' id='word_1_291' title='bbox 140 3062 288 3118; x_wconf 86' lang='lat' dir='ltr'><strong>srochen.</strong></span> <span class='ocrx_word' id='word_1_292' title='bbox 335 3063 456 3118; x_wconf 88' lang='lat' dir='ltr'><strong>Danach</strong></span> <span class='ocrx_word' id='word_1_293' title='bbox 490 3063 553 3118; x_wconf 82' lang='lat' dir='ltr'><strong>sind</strong></span> <span class='ocrx_word' id='word_1_294' title='bbox 589 3062 701 3119; x_wconf 79' lang='lat' dir='ltr'><strong>Ciceros</strong></span> <span class='ocrx_word' id='word_1_295' title='bbox 755 3063 846 3118; x_wconf 85' lang='lat' dir='ltr'><strong>Feuer</strong></span> <span class='ocrx_word' id='word_1_296' title='bbox 863 3061 942 3129; x_wconf 85' lang='lat' dir='ltr'><strong>Zeus,</strong></span> <span class='ocrx_word' id='word_1_297' title='bbox 962 3060 1008 3115; x_wconf 88' lang='lat' dir='ltr'><strong>die</strong></span> <span class='ocrx_word' id='word_1_298' title='bbox 1026 3058 1094 3114; x_wconf 77' lang='lat' dir='ltr'><strong>Lust</strong></span> <span class='ocrx_word' id='word_1_299' title='bbox 1111 3060 1193 3115; x_wconf 89' lang='lat' dir='ltr'><strong>Hera.</strong></span> 
     </span>
    </p>

    <p class='ocr_par' dir='ltr' id='par_1_7' title="bbox 138 3131 1315 3274">
     <span class='ocr_line' id='line_1_34' title="bbox 178 3131 1315 3205; baseline -0.001 -17"><span class='ocrx_word' id='word_1_300' title='bbox 178 3136 240 3188; x_wconf 89' lang='lat' dir='ltr'><strong>orte</strong></span> <span class='ocrx_word' id='word_1_301' title='bbox 259 3151 336 3204; x_wconf 75' lang='lat' dir='ltr'><strong>quem</strong></span> <span class='ocrx_word' id='word_1_302' title='bbox 353 3136 474 3205; x_wconf 74' lang='lat' dir='ltr'><strong>appellet</strong></span> <span class='ocrx_word' id='word_1_303' title='bbox 491 3136 571 3191; x_wconf 57' lang='lat' dir='ltr'><strong>mum</strong></span> <span class='ocrx_word' id='word_1_304' title='bbox 594 3152 627 3188; x_wconf 83' lang='lat' dir='ltr'><strong>zu</strong></span> <span class='ocrx_word' id='word_1_305' title='bbox 652 3135 700 3190; x_wconf 86' lang='lat' dir='ltr'><strong>be·</strong></span> <span class='ocrx_word' id='word_1_306' title='bbox 794 3140 835 3189; x_wconf 77' lang='lat'><strong>12.</strong></span> <span class='ocrx_word' id='word_1_307' title='bbox 855 3149 925 3203; x_wconf 75' lang='lat' dir='ltr'><strong>quac</strong></span> <span class='ocrx_word' id='word_1_308' title='bbox 942 3163 976 3174; x_wconf 90' lang='lat'>-</span> <span class='ocrx_word' id='word_1_309' title='bbox 991 3133 1169 3202; x_wconf 68' lang='lat' dir='ltr'><strong>perspicacem</strong></span> <span class='ocrx_word' id='word_1_310' title='bbox 1187 3138 1233 3188; x_wconf 78' lang='lat' dir='ltr'><strong>ert.</strong></span> <span class='ocrx_word' id='word_1_311' title='bbox 1260 3131 1315 3187; x_wconf 88' lang='lat' dir='ltr'><strong>Die</strong></span> 
     </span>
     <span class='ocr_line' id='line_1_35' title="bbox 138 3201 1315 3274; baseline -0.002 -15"><span class='ocrx_word' id='word_1_312' title='bbox 138 3204 290 3274; x_wconf 79' lang='lat' dir='ltr'><strong>richtigen.</strong></span> <span class='ocrx_word' id='word_1_313' title='bbox 754 3204 959 3274; x_wconf 79' lang='lat' dir='ltr'><strong>Widerlegung</strong></span> <span class='ocrx_word' id='word_1_314' title='bbox 972 3203 1042 3258; x_wconf 84' lang='lat' dir='ltr'><strong>wird</strong></span> <span class='ocrx_word' id='word_1_315' title='bbox 1063 3204 1101 3257; x_wconf 90' lang='lat' dir='ltr'><strong>im</strong></span> <span class='ocrx_word' id='word_1_316' title='bbox 1115 3201 1315 3259; x_wconf 86' lang='lat' dir='ltr'><strong>Lateinischen</strong></span> 
     </span>
    </p>

    <p class='ocr_par' dir='ltr' id='par_1_8' title="bbox 138 3273 1316 3487">
     <span class='ocr_line' id='line_1_36' title="bbox 175 3273 1316 3345; baseline -0.004 -13"><span class='ocrx_word' id='word_1_317' title='bbox 175 3284 202 3332; x_wconf 81' lang='lat'><strong>3.</strong></span> <span class='ocrx_word' id='word_1_318' title='bbox 234 3277 366 3332; x_wconf 71' lang='lat' dir='ltr'><strong>ardorem</strong></span> <span class='ocrx_word' id='word_1_319' title='bbox 407 3278 478 3333; x_wconf 74' lang='lat' dir='ltr'><strong>iocis</strong></span> <span class='ocrx_word' id='word_1_320' title='bbox 512 3273 702 3332; x_wconf 80' lang='lat' dir='ltr'><strong>‘brennender</strong></span> <span class='ocrx_word' id='word_1_321' title='bbox 754 3276 837 3331; x_wconf 88' lang='lat' dir='ltr'><strong>nicht</strong></span> <span class='ocrx_word' id='word_1_322' title='bbox 867 3275 971 3341; x_wconf 83' lang='lat' dir='ltr'><strong>seiten,</strong></span> <span class='ocrx_word' id='word_1_323' title='bbox 1014 3278 1155 3345; x_wconf 80' lang='lat' dir='ltr'><strong>entgegen</strong></span> <span class='ocrx_word' id='word_1_324' title='bbox 1186 3291 1316 3329; x_wconf 81' lang='lat' dir='ltr'><strong>urrerem</strong></span> 
     </span>
     <span class='ocr_line' id='line_1_37' title="bbox 138 3344 1315 3419; baseline -0.002 -18"><span class='ocrx_word' id='word_1_325' title='bbox 138 3344 372 3404; x_wconf 86' lang='lat' dir='ltr'><strong>Lichtstrahlen’.</strong></span> <span class='ocrx_word' id='word_1_326' title='bbox 409 3348 474 3419; x_wconf 81' lang='lat' dir='ltr'>Vgl.</span> <span class='ocrx_word' id='word_1_327' title='bbox 494 3347 553 3403; x_wconf 80' lang='lat' dir='ltr'><strong>cac.</strong></span> <span class='ocrx_word' id='word_1_328' title='bbox 573 3348 637 3403; x_wconf 86' lang='lat' dir='ltr'><strong>Mai.</strong></span> <span class='ocrx_word' id='word_1_329' title='bbox 652 3354 700 3403; x_wconf 71' lang='grc' dir='ltr'><strong>ὁδε</strong></span> <span class='ocrx_word' id='word_1_330' title='bbox 756 3347 1032 3417; x_wconf 81' lang='lat' dir='ltr'><strong>Sprachgebrauche,</strong></span> <span class='ocrx_word' id='word_1_331' title='bbox 1046 3346 1134 3401; x_wconf 89' lang='lat' dir='ltr'><strong>durch</strong></span> <span class='ocrx_word' id='word_1_332' title='bbox 1142 3344 1315 3401; x_wconf 85' lang='lat' dir='ltr'><strong>einenRela-</strong></span> 
     </span>
     <span class='ocr_line' id='line_1_38' title="bbox 139 3415 1314 3487; baseline -0.003 -13"><span class='ocrx_word' id='word_1_333' title='bbox 139 3421 205 3475; x_wconf 80' lang='lat' dir='ltr'><strong>cotia</strong></span> <span class='ocrx_word' id='word_1_334' title='bbox 223 3420 343 3475; x_wconf 81' lang='lat' dir='ltr'><strong>ardores.</strong></span> <span class='ocrx_word' id='word_1_335' title='bbox 754 3419 857 3473; x_wconf 81' lang='lat' dir='ltr'><strong>tivsatz</strong></span> <span class='ocrx_word' id='word_1_336' title='bbox 883 3417 1081 3487; x_wconf 82' lang='lat' dir='ltr'><strong>ausgedn&#39;ickt</strong></span> <span class='ocrx_word' id='word_1_337' title='bbox 1114 3415 1179 3486; x_wconf 80' lang='lat' dir='ltr'>Vgl.</span> <span class='ocrx_word' id='word_1_338' title='bbox 1194 3433 1219 3471; x_wconf 92' lang='lat' dir='ltr'><strong>o.</strong></span> <span class='ocrx_word' id='word_1_339' title='bbox 1234 3422 1249 3482; x_wconf 65' lang='grc' dir='ltr'><strong>ξ</strong></span> <span class='ocrx_word' id='word_1_340' title='bbox 1267 3422 1314 3471; x_wconf 79' lang='lat'><strong>26:</strong></span> 
     </span>
    </p>

    <p class='ocr_par' dir='ltr' id='par_1_9' title="bbox 139 3486 1317 3773">
     <span class='ocr_line' id='line_1_39' title="bbox 176 3486 1315 3561; baseline -0.002 -17"><span class='ocrx_word' id='word_1_341' title='bbox 176 3496 201 3545; x_wconf 85' lang='lat'><strong>6.</strong></span> <span class='ocrx_word' id='word_1_342' title='bbox 211 3486 701 3561; x_wconf 67' lang='lat' dir='ltr'><strong>mercatra‘Ungeheuerlichkeiten&#39;‚</strong></span> <span class='ocrx_word' id='word_1_343' title='bbox 756 3491 789 3544; x_wconf 81' lang='lat' dir='ltr'><strong>in</strong></span> <span class='ocrx_word' id='word_1_344' title='bbox 806 3506 859 3559; x_wconf 76' lang='lat' dir='ltr'><strong>quo</strong></span> <span class='ocrx_word' id='word_1_345' title='bbox 876 3506 933 3545; x_wconf 80' lang='lat' dir='ltr'><strong>mom</strong></span> <span class='ocrx_word' id='word_1_346' title='bbox 950 3490 1030 3557; x_wconf 80' lang='lat' dir='ltr'><strong>cidit,</strong></span> <span class='ocrx_word' id='word_1_347' title='bbox 1049 3494 1127 3553; x_wconf 68' lang='lat'><strong>§282</strong></span> <span class='ocrx_word' id='word_1_348' title='bbox 1145 3488 1178 3542; x_wconf 79' lang='lat' dir='ltr'><strong>im</strong></span> <span class='ocrx_word' id='word_1_349' title='bbox 1190 3503 1243 3557; x_wconf 76' lang='lat' dir='ltr'><strong>qao</strong></span> <span class='ocrx_word' id='word_1_350' title='bbox 1256 3502 1315 3542; x_wconf 74' lang='lat' dir='ltr'><strong>eree·</strong></span> 
     </span>
     <span class='ocr_line' id='line_1_40' title="bbox 141 3559 1317 3632; baseline -0.001 -16"><span class='ocrx_word' id='word_1_351' title='bbox 141 3577 179 3616; x_wconf 88' lang='lat' dir='ltr'><strong>sc.</strong></span> <span class='ocrx_word' id='word_1_352' title='bbox 208 3562 302 3629; x_wconf 80' lang='lat' dir='ltr'><strong>effecit.</strong></span> <span class='ocrx_word' id='word_1_353' title='bbox 346 3561 380 3615; x_wconf 92' lang='lat' dir='ltr'><strong>In</strong></span> <span class='ocrx_word' id='word_1_354' title='bbox 416 3562 578 3617; x_wconf 86' lang='lat' dir='ltr'><strong>demselben</strong></span> <span class='ocrx_word' id='word_1_355' title='bbox 617 3561 702 3616; x_wconf 83' lang='lat' dir='ltr'><strong>Sinna</strong></span> <span class='ocrx_word' id='word_1_356' title='bbox 751 3562 849 3632; x_wconf 75' lang='lat' dir='ltr'><strong>picari</strong></span> <span class='ocrx_word' id='word_1_357' title='bbox 861 3566 957 3629; x_wconf 78' lang='lat' dir='ltr'><strong>potest,</strong></span> <span class='ocrx_word' id='word_1_358' title='bbox 976 3560 1024 3628; x_wconf 84' lang='grc' dir='ltr'>ΙΙΙ,</span> <span class='ocrx_word' id='word_1_359' title='bbox 1035 3565 1085 3615; x_wconf 80' lang='lat'><strong>38:</strong></span> <span class='ocrx_word' id='word_1_360' title='bbox 1104 3575 1219 3630; x_wconf 78' lang='lat' dir='ltr'><strong>quorum</strong></span> <span class='ocrx_word' id='word_1_361' title='bbox 1237 3559 1317 3615; x_wconf 81' lang='lat' dir='ltr'><strong>deum</strong></span> 
     </span>
     <span class='ocr_line' id='line_1_41' title="bbox 139 3632 967 3703; baseline -0.001 -14"><span class='ocrx_word' id='word_1_362' title='bbox 139 3639 263 3689; x_wconf 67' lang='lat' dir='ltr'><strong>menore</strong></span> <span class='ocrx_word' id='word_1_363' title='bbox 280 3632 328 3700; x_wconf 87' lang='lat'><strong>111,</strong></span> <span class='ocrx_word' id='word_1_364' title='bbox 346 3639 381 3687; x_wconf 83' lang='grc'><strong>44</strong></span> <span class='ocrx_word' id='word_1_365' title='bbox 405 3633 463 3687; x_wconf 92' lang='lat' dir='ltr'><strong>und</strong></span> <span class='ocrx_word' id='word_1_366' title='bbox 481 3639 610 3703; x_wconf 65' lang='lat' dir='ltr'><strong>portemia</strong></span> <span class='ocrx_word' id='word_1_367' title='bbox 628 3638 700 3699; x_wconf 74' lang='lat'>§183</span> <span class='ocrx_word' id='word_1_368' title='bbox 756 3633 829 3687; x_wconf 73' lang='lat' dir='ltr'><strong>nmo</strong></span> <span class='ocrx_word' id='word_1_369' title='bbox 846 3633 967 3702; x_wconf 70' lang='lat' dir='ltr'><strong>adiecit.</strong></span> 
     </span>
     <span class='ocr_line' id='line_1_42' title="bbox 140 3700 1317 3773; baseline -0.002 -16"><span class='ocrx_word' id='word_1_370' title='bbox 140 3709 188 3771; x_wconf 83' lang='lat'><strong>433</strong></span> <span class='ocrx_word' id='word_1_371' title='bbox 208 3703 257 3770; x_wconf 87' lang='grc' dir='ltr'>ΙΙΙ,</span> <span class='ocrx_word' id='word_1_372' title='bbox 273 3710 316 3759; x_wconf 87' lang='grc'><strong>91.</strong></span> <span class='ocrx_word' id='word_1_373' title='bbox 792 3710 817 3758; x_wconf 79' lang='lat' dir='ltr'><strong>et</strong></span> <span class='ocrx_word' id='word_1_374' title='bbox 835 3703 914 3758; x_wconf 74' lang='lat' dir='ltr'><strong>mmet</strong></span> <span class='ocrx_word' id='word_1_375' title='bbox 937 3708 962 3757; x_wconf 83' lang='lat' dir='ltr'><strong>et</strong></span> <span class='ocrx_word' id='word_1_376' title='bbox 987 3702 1133 3773; x_wconf 65' lang='lat' dir='ltr'><strong>reatinum.</strong></span> <span class='ocrx_word' id='word_1_377' title='bbox 1176 3700 1231 3756; x_wconf 91' lang='lat' dir='ltr'><strong>Die</strong></span> <span class='ocrx_word' id='word_1_378' title='bbox 1255 3700 1317 3756; x_wconf 82' lang='lat' dir='ltr'><strong>vier</strong></span> 
     </span>
    </p>

    <p class='ocr_par' dir='ltr' id='par_1_10' title="bbox 139 3771 1317 4273">
     <span class='ocr_line' id='line_1_43' title="bbox 177 3771 1316 3844; baseline -0.004 -13"><span class='ocrx_word' id='word_1_379' title='bbox 177 3781 203 3831; x_wconf 78' lang='lat'><strong>⁷.</strong></span> <span class='ocrx_word' id='word_1_380' title='bbox 217 3775 256 3829; x_wconf 84' lang='lat' dir='ltr'><strong>ad</strong></span> <span class='ocrx_word' id='word_1_381' title='bbox 269 3776 348 3831; x_wconf 80' lang='lat' dir='ltr'><strong>dcem</strong></span> <span class='ocrx_word' id='word_1_382' title='bbox 362 3780 465 3832; x_wconf 82' lang='lat' dir='ltr'><strong>revocet</strong></span> <span class='ocrx_word' id='word_1_383' title='bbox 482 3772 529 3828; x_wconf 77' lang='lat' dir='ltr'><strong>‘nu</strong></span> <span class='ocrx_word' id='word_1_384' title='bbox 543 3773 701 3844; x_wconf 76' lang='lat' dir='ltr'><strong>gottlichen</strong></span> <span class='ocrx_word' id='word_1_385' title='bbox 756 3774 903 3829; x_wconf 85' lang='lat' dir='ltr'><strong>Elemente</strong></span> <span class='ocrx_word' id='word_1_386' title='bbox 935 3772 998 3827; x_wconf 85' lang='lat' dir='ltr'><strong>sind</strong></span> <span class='ocrx_word' id='word_1_387' title='bbox 1030 3773 1104 3828; x_wconf 89' lang='lat' dir='ltr'><strong>nach</strong></span> <span class='ocrx_word' id='word_1_388' title='bbox 1130 3771 1316 3843; x_wconf 86' lang='lat' dir='ltr'><strong>Empedocles</strong></span> 
     </span>
     <span class='ocr_line' id='line_1_44' title="bbox 139 3843 1316 3915; baseline -0.003 -14"><span class='ocrx_word' id='word_1_389' title='bbox 139 3846 246 3901; x_wconf 87' lang='lat' dir='ltr'><strong>Wesen</strong></span> <span class='ocrx_word' id='word_1_390' title='bbox 264 3843 381 3902; x_wconf 89' lang='lat' dir='ltr'><strong>macht’.</strong></span> <span class='ocrx_word' id='word_1_391' title='bbox 418 3845 600 3900; x_wconf 87' lang='lat' dir='ltr'><strong>Parmenides</strong></span> <span class='ocrx_word' id='word_1_392' title='bbox 622 3846 702 3900; x_wconf 88' lang='lat' dir='ltr'><strong>hatto</strong></span> <span class='ocrx_word' id='word_1_393' title='bbox 759 3845 831 3914; x_wconf 82' lang='lat' dir='ltr'><strong>cwig</strong></span> <span class='ocrx_word' id='word_1_394' title='bbox 846 3846 903 3899; x_wconf 90' lang='lat' dir='ltr'><strong>und</strong></span> <span class='ocrx_word' id='word_1_395' title='bbox 918 3844 1150 3915; x_wconf 75' lang='lat' dir='ltr'><strong>unvcrgtnglicb,</strong></span> <span class='ocrx_word' id='word_1_396' title='bbox 1165 3862 1219 3899; x_wconf 91' lang='lat' dir='ltr'><strong>nur</strong></span> <span class='ocrx_word' id='word_1_397' title='bbox 1228 3844 1316 3898; x_wconf 90' lang='lat' dir='ltr'><strong>durch</strong></span> 
     </span>
     <span class='ocr_line' id='line_1_45' title="bbox 140 3914 1316 3987; baseline -0.003 -16"><span class='ocrx_word' id='word_1_398' title='bbox 140 3917 171 3971; x_wconf 92' lang='lat' dir='ltr'><strong>in</strong></span> <span class='ocrx_word' id='word_1_399' title='bbox 181 3916 286 3972; x_wconf 88' lang='lat' dir='ltr'><strong>seinem</strong></span> <span class='ocrx_word' id='word_1_400' title='bbox 297 3917 489 3987; x_wconf 83' lang='lat' dir='ltr'><strong>Lehrgedicht</strong></span> <span class='ocrx_word' id='word_1_401' title='bbox 501 3917 567 3987; x_wconf 81' lang='grc' dir='ltr'><em>περὶ</em></span> <span class='ocrx_word' id='word_1_402' title='bbox 582 3914 703 3986; x_wconf 73' lang='grc' dir='ltr'><em>φύσεως,</em></span> <span class='ocrx_word' id='word_1_403' title='bbox 759 3917 805 3971; x_wconf 92' lang='lat' dir='ltr'><strong>die</strong></span> <span class='ocrx_word' id='word_1_404' title='bbox 823 3916 1014 3986; x_wconf 85' lang='lat' dir='ltr'><strong>bewegenden</strong></span> <span class='ocrx_word' id='word_1_405' title='bbox 1035 3915 1133 3971; x_wconf 71' lang='lat' dir='ltr'><strong>Kraite</strong></span> <span class='ocrx_word' id='word_1_406' title='bbox 1157 3914 1227 3969; x_wconf 86' lang='lat' dir='ltr'><strong>wird</strong></span> <span class='ocrx_word' id='word_1_407' title='bbox 1254 3914 1316 3969; x_wconf 90' lang='lat' dir='ltr'><strong>eine</strong></span> 
     </span>
     <span class='ocr_line' id='line_1_46' title="bbox 140 3985 1316 4057; baseline -0.005 -13"><span class='ocrx_word' id='word_1_408' title='bbox 140 4005 198 4044; x_wconf 81' lang='lat' dir='ltr'><strong>von</strong></span> <span class='ocrx_word' id='word_1_409' title='bbox 217 3989 281 4043; x_wconf 90' lang='lat' dir='ltr'><strong>dem</strong></span> <span class='ocrx_word' id='word_1_410' title='bbox 301 3987 353 4042; x_wconf 88' lang='lat' dir='ltr'><strong>wir</strong></span> <span class='ocrx_word' id='word_1_411' title='bbox 369 3988 443 4042; x_wconf 89' lang='lat' dir='ltr'><strong>noch</strong></span> <span class='ocrx_word' id='word_1_412' title='bbox 462 3988 631 4057; x_wconf 78' lang='lat' dir='ltr'><strong>Fragments</strong></span> <span class='ocrx_word' id='word_1_413' title='bbox 653 3989 702 4043; x_wconf 89' lang='lat' dir='ltr'><strong>be·</strong></span> <span class='ocrx_word' id='word_1_414' title='bbox 758 3987 848 4057; x_wconf 83' lang='lat' dir='ltr'><strong>ewige</strong></span> <span class='ocrx_word' id='word_1_415' title='bbox 868 3988 1071 4057; x_wconf 74' lang='lat' dir='ltr'><strong>Veranderung</strong></span> <span class='ocrx_word' id='word_1_416' title='bbox 1089 3986 1236 4041; x_wconf 88' lang='lat' dir='ltr'><strong>dersclben</strong></span> <span class='ocrx_word' id='word_1_417' title='bbox 1259 3985 1316 4038; x_wconf 91' lang='lat' dir='ltr'><strong>und</strong></span> 
     </span>
     <span class='ocr_line' id='line_1_47' title="bbox 141 4055 1316 4129; baseline -0.005 -15"><span class='ocrx_word' id='word_1_418' title='bbox 141 4059 246 4128; x_wconf 83' lang='lat' dir='ltr'><strong>sitren,</strong></span> <span class='ocrx_word' id='word_1_419' title='bbox 272 4059 318 4114; x_wconf 88' lang='lat' dir='ltr'><strong>die</strong></span> <span class='ocrx_word' id='word_1_420' title='bbox 343 4058 534 4129; x_wconf 83' lang='lat' dir='ltr'><strong>bewegenden</strong></span> <span class='ocrx_word' id='word_1_421' title='bbox 558 4059 657 4114; x_wconf 78' lang='lat' dir='ltr'><strong>Krtfte</strong></span> <span class='ocrx_word' id='word_1_422' title='bbox 675 4059 705 4113; x_wconf 89' lang='lat' dir='ltr'><strong>in</strong></span> <span class='ocrx_word' id='word_1_423' title='bbox 761 4058 886 4113; x_wconf 84' lang='lat' dir='ltr'><strong>dadurch</strong></span> <span class='ocrx_word' id='word_1_424' title='bbox 906 4058 953 4112; x_wconf 89' lang='lat' dir='ltr'><strong>ein</strong></span> <span class='ocrx_word' id='word_1_425' title='bbox 971 4058 1074 4128; x_wconf 81' lang='lat' dir='ltr'><strong>ewiges</strong></span> <span class='ocrx_word' id='word_1_426' title='bbox 1088 4057 1245 4111; x_wconf 86' lang='lat' dir='ltr'><strong>Entstehen</strong></span> <span class='ocrx_word' id='word_1_427' title='bbox 1258 4055 1316 4109; x_wconf 91' lang='lat' dir='ltr'><strong>und</strong></span> 
     </span>
     <span class='ocr_line' id='line_1_48' title="bbox 141 4125 1317 4202; baseline -0.004 -18"><span class='ocrx_word' id='word_1_428' title='bbox 141 4130 506 4201; x_wconf 84' lang='lat' dir='ltr'><strong>derWeltpersonificiert,</strong></span> <span class='ocrx_word' id='word_1_429' title='bbox 525 4146 556 4185; x_wconf 88' lang='lat' dir='ltr'><strong>so</strong></span> <span class='ocrx_word' id='word_1_430' title='bbox 574 4128 704 4202; x_wconf 77' lang='grc' dir='ltr'><strong><em>πόλεμος,</em></strong></span> <span class='ocrx_word' id='word_1_431' title='bbox 759 4125 1317 4200; x_wconf 81' lang='lat' dir='ltr'><strong>VergehenderDingebewirkt.Diesem</strong></span> 
     </span>
     <span class='ocr_line' id='line_1_49' title="bbox 142 4196 1316 4273; baseline -0.007 -16"><span class='ocrx_word' id='word_1_432' title='bbox 142 4199 226 4273; x_wconf 78' lang='grc' dir='ltr'><strong><em>ἔρως,</em></strong></span> <span class='ocrx_word' id='word_1_433' title='bbox 244 4209 348 4265; x_wconf 80' lang='grc' dir='ltr'><strong><em>νεῖκος.</em></strong></span> <span class='ocrx_word' id='word_1_434' title='bbox 504 4201 506 4206; x_wconf 75' lang='grc'>’</span> <span class='ocrx_word' id='word_1_435' title='bbox 759 4202 822 4256; x_wconf 88' lang='lat' dir='ltr'><strong>sind</strong></span> <span class='ocrx_word' id='word_1_436' title='bbox 842 4200 914 4255; x_wconf 87' lang='lat' dir='ltr'><strong>auch</strong></span> <span class='ocrx_word' id='word_1_437' title='bbox 933 4200 979 4254; x_wconf 88' lang='lat' dir='ltr'><strong>die</strong></span> <span class='ocrx_word' id='word_1_438' title='bbox 997 4200 1099 4255; x_wconf 75' lang='lat' dir='ltr'><strong>Gor-ter</strong></span> <span class='ocrx_word' id='word_1_439' title='bbox 1120 4196 1316 4266; x_wconf 85' lang='lat' dir='ltr'><strong>unterworfen,</strong></span> 
     </span>
    </p>

    <p class='ocr_par' dir='ltr' id='par_1_11' title="bbox 141 4268 1317 4483">
     <span class='ocr_line' id='line_1_50' title="bbox 179 4268 1316 4342; baseline -0.007 -13"><span class='ocrx_word' id='word_1_440' title='bbox 179 4280 205 4329; x_wconf 84' lang='lat'><strong>9.</strong></span> <span class='ocrx_word' id='word_1_441' title='bbox 225 4275 258 4329; x_wconf 85' lang='lat' dir='ltr'><strong>de</strong></span> <span class='ocrx_word' id='word_1_442' title='bbox 276 4274 423 4342; x_wconf 75' lang='lat' dir='ltr'><strong>rideretur,</strong></span> <span class='ocrx_word' id='word_1_443' title='bbox 443 4271 499 4326; x_wconf 80' lang='lat' dir='ltr'><strong>dass</strong></span> <span class='ocrx_word' id='word_1_444' title='bbox 519 4288 550 4327; x_wconf 89' lang='lat' dir='ltr'><strong>er</strong></span> <span class='ocrx_word' id='word_1_445' title='bbox 567 4271 644 4327; x_wconf 80' lang='lat' dir='ltr'><strong>diere</strong></span> <span class='ocrx_word' id='word_1_446' title='bbox 658 4272 704 4326; x_wconf 77' lang='lat' dir='ltr'><strong>fur</strong></span> <span class='ocrx_word' id='word_1_447' title='bbox 758 4272 866 4327; x_wconf 85' lang='lat' dir='ltr'><strong>welche</strong></span> <span class='ocrx_word' id='word_1_448' title='bbox 881 4287 910 4325; x_wconf 87' lang='lat' dir='ltr'><strong>er</strong></span> <span class='ocrx_word' id='word_1_449' title='bbox 924 4272 1114 4340; x_wconf 77' lang='grc' dir='ltr'><strong><em>ὃολιχαίωνες,</em></strong></span> <span class='ocrx_word' id='word_1_450' title='bbox 1136 4268 1316 4338; x_wconf 83' lang='lat' dir='ltr'><strong>langlebend‚</strong></span> 
     </span>
     <span class='ocr_line' id='line_1_51' title="bbox 141 4335 1317 4414; baseline -0.004 -16"><span class='ocrx_word' id='word_1_451' title='bbox 141 4343 703 4414; x_wconf 76' lang='lat' dir='ltr'><strong>Gottergehalten,wirdsonstnirgends</strong></span> <span class='ocrx_word' id='word_1_452' title='bbox 757 4344 838 4397; x_wconf 87' lang='lat' dir='ltr'><strong>nicht</strong></span> <span class='ocrx_word' id='word_1_453' title='bbox 851 4342 904 4395; x_wconf 84' lang='lat' dir='ltr'><strong>wie</strong></span> <span class='ocrx_word' id='word_1_454' title='bbox 913 4341 1018 4395; x_wconf 91' lang='lat' dir='ltr'><strong>Homer</strong></span> <span class='ocrx_word' id='word_1_455' title='bbox 1034 4335 1202 4402; x_wconf 66' lang='lat' dir='ltr'><strong>citatiores</strong></span> <span class='ocrx_word' id='word_1_456' title='bbox 1220 4342 1317 4393; x_wconf 86' lang='lat' dir='ltr'><strong>neunt.</strong></span> 
     </span>
     <span class='ocr_line' id='line_1_52' title="bbox 141 4411 1293 4483; baseline -0.005 -13"><span class='ocrx_word' id='word_1_457' title='bbox 141 4414 293 4470; x_wconf 87' lang='lat' dir='ltr'><strong>berichtet.</strong></span> <span class='ocrx_word' id='word_1_458' title='bbox 794 4420 835 4469; x_wconf 81' lang='lat'><strong>13.</strong></span> <span class='ocrx_word' id='word_1_459' title='bbox 854 4414 1034 4483; x_wconf 63' lang='lat' dir='ltr'><strong>Romame,</strong></span> <span class='ocrx_word' id='word_1_460' title='bbox 1053 4430 1074 4467; x_wconf 84' lang='lat' dir='ltr'><strong>s.</strong></span> <span class='ocrx_word' id='word_1_461' title='bbox 1090 4417 1120 4477; x_wconf 57' lang='grc' dir='ltr'><strong>ἐξ</strong></span> <span class='ocrx_word' id='word_1_462' title='bbox 1140 4416 1156 4464; x_wconf 80' lang='lat'>2</span> <span class='ocrx_word' id='word_1_463' title='bbox 1175 4411 1232 4463; x_wconf 88' lang='lat' dir='ltr'><strong>und</strong></span> <span class='ocrx_word' id='word_1_464' title='bbox 1251 4417 1293 4465; x_wconf 85' lang='lat'><strong>63.</strong></span> 
     </span>
    </p>
   </div>
   <div class='ocr_carea' id='block_1_4' title="bbox 0 0 1522 4800">
    <p class='ocr_par' dir='ltr' id='par_1_12' title="bbox 0 0 1522 4800">
     <span class='ocr_line' id='line_1_53' title="bbox 0 0 1522 4800; baseline 0 0"><span class='ocrx_word' id='word_1_465' title='bbox 0 0 1522 4800; x_wconf 95' lang='lat' dir='ltr'><strong> </strong></span> 
     </span>
    </p>
   </div>
  </div>
 </body>
</html>
