3017 4800
445 207 513 264 LlB.
528 208 549 262 I.
564 206 642 263 OAP.
658 213 705 276 23,
725 213 768 263 24.
787 213 931 273 §63-6'1.
1234 213 1278 276 63

99 393 194 456 quam
224 376 344 436 vestra.
390 371 461 436 Ista
490 372 578 436 enim
606 372 734 459 flagitia
761 371 943 438 Democriti
973 373 1041 438 sive
1071 372 1171 437 etiam
1201 382 1279 438 ante

97 460 269 546 Leucippi,
292 482 363 525 esse
390 462 582 545 corpuscula
601 461 760 547 quaedam
778 461 877 547 levia,
900 461 965 526 alia
984 484 1112 546 aspera,
1134 462 1278 528 rotunda

98 550 174 634 alia,
192 549 317 634 partim
335 553 446 614 autem
464 552 634 637 angulata,
652 550 786 616 hamata
805 551 964 636 quaedam
983 555 1017 616 et
1034 551 1129 635 quasi
1143 551 1276 636 adunca,

99 661 137 704 er
163 638 217 704 his
246 638 397 704 effectum
425 661 496 704 csse
524 641 649 704 caelum
677 644 776 725 atque
803 644 926 705 terram
948 640 1040 704 nulla
1062 645 1199 727 cogente
1221 662 1277 705 na·

70 733 186 811 stura,
224 729 280 793 sed
307 750 477 793 concursu
514 729 655 813 quodam
690 728 844 814 fortuito,
885 728 970 795 hanc
1006 732 1044 794 iu
1080 729 1277 814 opinionem,

99 815 132 883 O.
150 816 272 902 Vellei,
295 840 398 902 usque
421 818 463 881 ad
484 817 570 883 hanc
592 822 735 884 aetatem
757 818 953 904 perduxisti,
975 818 1131 903 priusque
1150 822 1184 883 te
1202 818 1276 903 quia

99 907 139 971 de
167 907 256 972 omni
283 906 370 972 ritae
398 910 489 972 statu
511 930 610 992 quam
633 907 672 972 de
695 908 761 973 ista
784 907 980 973 auctoritate
1004 907 1170 992 deiecerit3
1200 912 1276 972 ante

19 1024 22 1029 ⁴
99 995 187 1060 enim
208 995 362 1061 iudicasti
384 995 584 1080 Epicureum
608 1001 641 1063 te
664 1019 736 1062 esse
759 1001 924 1082 oportere,
948 1018 1046 1082 quam
1069 996 1134 1061 ista
1157 1017 1277 1083 cogno·

98 1085 186 1150 visti.
232 1083 285 1150 Ita
311 1107 445 1150 necesse
471 1084 536 1150 fuit
559 1090 617 1151 aut
639 1086 720 1151 haec
741 1086 871 1172 flagitia
894 1085 1063 1171 concipere
1087 1085 1196 1150 animo
1219 1090 1277 1150 aut

57 1195 81 1235 ιο
100 1178 270 1257 susceptae
301 1173 529 1259 philosophiae
557 1197 678 1240 nomen
707 1175 867 1240 amittere.
915 1173 1000 1252 Quid
1027 1174 1115 1239 enim
1142 1196 1276 1260 mereas,
1295 1186 1331 1237 oi

98 1268 138 1327 ut
159 1262 340 1347 Epicureus
369 1285 440 1328 esse
463 1264 615 1329 desinas?
660 1263 754 1330 Nihil
777 1264 940 1350 equidem,
967 1263 1091 1350 inquis,
1117 1269 1156 1330 ut
1177 1264 1276 1329 ratio·

98 1374 175 1416 nem
197 1352 285 1417 vitae
307 1351 423 1419 beatae
445 1353 682 1438 veritatemque
705 1353 859 1418 deseram.
901 1352 972 1418 Ista
993 1353 1098 1440 igitur
1121 1357 1172 1418 est
1194 1353 1276 1417 veri·

99 1440 174 1506 tas?
220 1439 308 1506 Nam
335 1441 375 1506 de
401 1442 470 1507 vita
497 1442 594 1508 beata
616 1442 700 1507 nihil
723 1464 885 1529 repugno,
913 1464 1011 1528 quam
1035 1446 1073 1507 tu
1095 1464 1136 1508 ne
1158 1443 1194 1507 in
1217 1442 1276 1508 deo

99 1529 233 1615 quidem
262 1552 333 1595 esse
364 1552 490 1617 censes,
518 1532 585 1597 nisi
612 1532 710 1617 plane
740 1531 809 1598 otio
839 1531 1003 1618 langueat.
1050 1530 1114 1595 Sed
1143 1530 1199 1596 ubi
1227 1535 1278 1595 est

57 1640 82 1681 15
98 1618 245 1684 veritas?
281 1618 322 1684 In
340 1620 484 1706 mundis,
508 1621 617 1707 credo,
635 1619 942 1704 innumerabilibus,
962 1619 1113 1685 omnibus
1132 1619 1276 1684 minimis

99 1713 287 1793 temporum
312 1709 445 1793 punctis
473 1710 547 1775 aliis
570 1710 795 1796 nascentibus,
823 1709 897 1774 aliis
921 1708 1121 1774 cadentibus.
1166 1708 1221 1773 An
1242 1708 1278 1773 in

99 1797 275 1863 individuis
312 1799 513 1883 corpusculis
543 1804 612 1864 tam
641 1799 810 1884 praeclara
840 1820 940 1882 opera
968 1798 1059 1863 nulla
1088 1797 1278 1864 moderante

99 1891 231 1973 natura,
262 1887 354 1952 nulla
384 1888 512 1953 ratione
544 1888 769 1976 fingentibus?
821 1886 886 1954 Sed
916 1887 1038 1953 oblitus
1068 1886 1277 1952 liberalitatis

99 1998 205 2061 meae,
234 1999 298 2061 qua
321 1981 429 2042 tecum
452 1978 550 2061 paulo
574 1982 650 2044 ante
672 1978 723 2043 uti
746 1999 929 2062 coeperam,
951 1978 1048 2061 plura
1070 1977 1279 2061 complector.

138 2191 161 2239 1.
175 2187 286 2255 {inpilia
303 2211 331 2232 -
352 2188 663 2259 opinioiwatlnyitiocae,
716 2189 870 2244 deiecimus.
904 2187 986 2243 Tusc.
1002 2186 1043 2255 Il,
1062 2192 1109 2240 14:
1135 2202 1177 2241 me
1192 2186 1280 2255 pudet

164 2271 255 2324 meuc,
275 2256 327 2311 wie
344 2258 393 2326 ΙΙΙ,
405 2264 447 2325 91,
463 2257 542 2314 'lusa
553 2259 602 2326 IV,
621 2265 662 2315 73.
717 2266 774 2315 tam
793 2261 846 2315 cito
864 2259 1049 2315 incantantia
1067 2273 1122 2313 esse
1135 2258 1277 2313 Mecium.

127 2327 199 2380 urch
218 2327 269 2381 das
279 2328 412 2397 folgende
422 2331 494 2385 banc
508 2332 664 2401 opinionem
717 2321 842 2387 ihnlich
859 2330 909 2400 III,
920 2335 948 2385 b:
968 2346 1001 2386 es
1014 2330 1143 2400 opinione
1155 2329 1278 2384 inconbit,

101 2397 173 2453 wird
191 2401 302 2470 flapitin
315 2399 419 2456 wieder
437 2401 662 2472 aufgenommen.
752 2404 917 2459 sinaitam
932 2428 960 2449 -
977 2403 1120 2469 sententia,
1142 2401 1197 2468 clio,
1211 2399 1278 2455 weil

136 2469 597 2543 a.cioeniam-Lencippi‘oder
609 2475 664 2529 soll
717 2471 759 2528 sie
777 2491 834 2528 von
852 2472 1003 2528 Demokrit
1019 2473 1078 2526 und
1092 2471 1201 2542 Epilmr
1216 2489 1276 2525 ver·

100 2540 148 2595 ich
174 2539 319 2611 aagen’-.
356 2543 467 2614 Wegen
492 2544 584 2599 dieses
610 2544 663 2600 Ge·
717 2546 811 2600 treten
820 2541 1277 2613 wirdunetoriiasgenanntwird„

100 2612 239 2667 brauches
258 2632 315 2669 ron
331 2617 387 2670 cire
404 2634 452 2670 zur
465 2615 665 2686 Bezeichnung
756 2623 797 2672 10.
805 2622 943 2685 susceptae
952 2613 1066 2669 vertritt
1074 2614 1124 2668 das
1133 2611 1279 2667 Paasivum

101 2682 180 2738 einer
193 2684 663 2754 gewissenUnsicherheitdesUr·
718 2704 751 2740 au
766 2689 899 2757 profiteri.

99 2754 184 2810 teiles
204 2755 272 2811 oder
291 2756 368 2812 eines
383 2757 511 2813 Zweifels
529 2759 599 2814 iiber
617 2758 663 2813 (lie
753 2753 1158 2826 amittere‘aufgebemfahren
1169 2750 1279 2822 lassen',

100 2827 355 2895 Angemesaenheit
383 2829 460 2885 eines
484 2829 664 2885 Ausdruckes
717 2828 772 2883 wie
782 2829 828 2898 ΙΙΙ,
837 2829 1151 2898 1242captnmamiitere.
1162 2825 1279 2881 adfam.

101 2897 157 2967 vgl.
169 2915 197 2968 p.
209 2897 278 2954 Sull.
288 2906 321 2955 17
328 2920 335 2953 z
349 2901 430 2956 necto
443 2902 498 2957 sior
507 2904 601 2956 emisso
611 2901 662 2957 Ca·
717 2900 777 2968 XV,
786 2908 809 2968 1,
817 2917 841 2955 s:
850 2900 1006 2969 perimlnm
1015 2904 1062 2966 esi,
1071 2915 1106 2952 ne
1114 2898 1281 2953 amittendae

100 2969 665 3042 sanationemque:mammaepanes
717 2979 783 3028 enni
808 2987 898 3026 omnes
921 2970 972 3026 bac
989 2970 1157 3040 prouinciae.
1200 2968 1279 3023 Verr.

100 3040 184 3096 atina
193 3042 282 3109 officii
292 3051 358 3098 nnn
366 3045 451 3113 pueri
460 3044 598 3100 Ciceronis
610 3045 666 3100 sive
718 3043 765 3111 IV,
780 3049 828 3098 44:
847 3043 955 3112 praeda
973 3043 1005 3097 de
1023 3043 1152 3097 manibus
1169 3041 1279 3097 ambra.

100 3111 664 3185 marciniacensis-Leueppmausab-
757 3115 831 3186 Quid
862 3115 934 3169 enim
965 3130 1067 3168 mercna
1099 3112 1165 3167 ‘was
1192 3111 1281 3166 willst

101 3182 666 3256 doraumboor.0br.warderBegrt1nder
720 3187 759 3241 du
769 3186 1026 3240 dafflrhabenlum
1038 3184 1165 3239 walchen
1175 3177 1279 3238 Proici

100 3252 151 3307 der
169 3254 380 3311 Atomenlehre.
417 3256 499 3312 Scine
513 3256 667 3313 Ansichten
719 3259 798 3313 Verr.
821 3257 868 3325 IV,
904 3262 967 3312 135:
999 3257 1067 3325 qnid
1102 3256 1282 3312 arbitramini

100 3323 166 3379 sind
183 3324 289 3394 jedoch
307 3344 338 3382 so
355 3328 570 3399 unvollst‘andig
583 3329 665 3384 fiber·
719 3329 841 3400 Repinos
857 3344 957 3384 merere
969 3330 1043 3397 aelle,
1062 3334 1095 3383 nt
1107 3329 1143 3383 ab
1157 3329 1194 3382 iia
1206 3343 1279 3382 mar·

99 3394 209 3465 liefert,
225 3396 283 3452 dail
299 3398 340 3454 sie
355 3399 415 3454 sich
424 3400 507 3455 nicht
518 3401 599 3455 mehr
611 3417 667 3456 von
720 3417 811 3457 morea
825 3400 915 3456 Venae
933 3401 985 3455 ina
1002 3397 1169 3467 anferatur?
1188 3397 1279 3451 defin.

100 3466 195 3521 denen
216 3468 266 3523 des
284 3469 433 3526 Demokrit
450 3471 667 3526 unterscheiden
720 3472 814 3540 nari
833 3472 901 3541 qnid
925 3473 1062 3539 macaris,
1087 3476 1119 3525 nt
1144 3470 1228 3536 dicas,
1254 3474 1281 3524 te

99 3539 668 3613 lassen,sodassmanseitEpikurZweifel
721 3545 815 3599 omnio
832 3543 981 3612 uoluptatis
998 3557 1083 3597 cansa
1100 3542 1249 3609 faciurum.

98 3611 172 3664 fiber
182 3611 239 3664 den
247 3612 376 3668 Urheber
387 3614 437 3668 der
449 3613 665 3669 atomistisohen
756 3620 797 3669 15.
807 3614 1070 3680 innumerabilibus,
1090 3630 1110 3668 s.
1121 3630 1143 3667 z.
1153 3618 1168 3679 5
1180 3617 1222 3667 53.

98 3680 664 3757 Lehrehegte.S.HirzelUnters.l‚p.184.
754 3687 881 3741 omnibns
898 3685 1031 3753 minimis,
1049 3683 1131 3738 nicht
1154 3684 1281 3740 omnibns

136 3754 271 3823 quaedam
287 3786 321 3795 -
334 3758 438 3812 olin—
451 3758 553 3812 alia-
600 3758 666 3813 rtim
718 3757 760 3813 nel
778 3757 909 3823 minimis,
929 3755 966 3810 da
976 3754 1068 3810 dieser
1081 3754 1280 3811 unmittelbare

86 3842 135 3865 ·-
149 3826 300 3896 qwedan,
316 3826 378 3883 eine
392 3827 523 3883 thnliche
568 3827 666 3899 annig·
719 3825 867 3883 Anachluss
882 3827 932 3881 der
947 3826 1123 3897 superlative
1137 3828 1280 3893 minimus,

99 3895 249 3965 faltigkeit
267 3904 282 3965 ὅ
299 3904 357 3956 loo.
380 3898 461 3955 Tusc.
472 3900 505 3969 V,
516 3906 558 3956 88.
719 3901 844 3967 nitimur,
854 3905 997 3967 extremas,
1007 3914 1129 3955 summae
1142 3915 1179 3952 an
1193 3898 1281 3953 mnne

138 3973 163 4023 5.
190 3975 296 4024 natura
315 3987 353 4026 sc.
368 3971 535 4043 intelkpcnti
548 3970 588 4026 im
598 3970 665 4026 stoi·
721 3968 1028 4041 dasregelmalligeiat.
1040 3968 1279 4038 Vgl.141;111,ao.

101 4038 191 4093 schen
206 4038 305 4109 Sinna,
325 4040 378 4096 wie
393 4048 408 4108 5
422 4049 469 4099 67:
483 4044 562 4098 nnlbz
576 4044 663 4098 mode·
756 4049 798 4099 18.
812 4048 930 4109 natura,
950 4059 971 4096 s.
985 4060 1008 4096 a.
1023 4046 1038 4107 ς
1052 4046 1096 4096 66.

100 4115 182 4164 rante
214 4118 326 4168 natura.
373 4100 449 4169 liber
485 4121 589 4169 natnrn
625 4113 665 4168 im
756 4120 798 4169 1o.
814 4120 902 4170 noum
915 4110 974 4167 ‘dir
988 4106 1168 4183 gegenuber’.
1190 4109 1279 4177 Ilua:

101 4179 323 4251 epilrureischen
342 4182 427 4239 Since
447 4202 469 4240 s.
484 4204 507 4241 a.
522 4191 592 4252 568.
717 4187 791 4241 ratio
814 4202 875 4241 enm
899 4185 1028 4249 Lentim
1045 4182 1090 4237 ad.
1105 4181 1163 4236 Att.
1174 4180 1206 4249 X,
1220 4187 1243 4249 1,
1253 4196 1279 4234 4:

138 4260 163 4310 Ι.
184 4254 216 4309 de
235 4260 310 4310 nain
326 4286 359 4295 -
374 4257 510 4325 deiecerit,
530 4256 580 4311 das
599 4257 665 4311 Bild
719 4256 984 4313 nimScntoeervasti
988 4255 1164 4325 pronitatem·
1173 4252 1209 4305 ad
1216 4251 1280 4308 fam.

100 4322 140 4380 ist
151 4325 357 4380 entlehntvom
366 4326 492 4383 Fechter.
519 4327 583 4398 Vgl.
594 4330 664 4383 orat.
718 4327 753 4397 V,
768 4334 793 4398 2,
809 4344 833 4383 a:
852 4328 921 4383 sata
938 4328 1038 4382 babeas
1055 4325 1128 4379 nibil
1144 4340 1186 4379 me
1199 4324 1282 4378 etiam

102 4401 170 4452 129:
209 4398 381 4454 adversarios
413 4399 445 4454 de
480 4405 555 4455 main
591 4401 667 4455 omni
719 4405 806 4454 meam
820 4400 853 4453 dc
866 4394 1280 4474 tnifrairieininriaconqnni
