3017 4800
210 246 273 310 122
594 239 644 295 DE
663 240 818 295 NATURA
835 240 998 298 DEORUM.

208 405 310 471 sionis
337 409 461 490 potest,
492 404 577 469 nihil
602 404 744 469 incisum
771 405 914 492 angulis,
945 403 1029 469 nihil
1052 403 1269 490 anfractibus,
1300 404 1386 469 nihil

208 495 367 579 eminens,
402 493 486 558 nihil
517 494 732 559 lacunosum?
775 516 912 580 cumque
944 494 1026 559 duae
1058 492 1182 558 formae
1214 497 1384 578 praestan·

207 583 354 649 tissimae
377 582 457 668 sint,
480 605 520 648 ex
543 583 656 648 solidis
681 583 799 670 globus
818 581 880 670 (sic
899 583 986 648 enim
1005 594 1153 665 σφαῖραν
1172 582 1386 668 interpretari

206 669 342 758 placet),
365 694 404 736 ex
425 673 533 757 planis
552 676 662 737 autem
681 673 821 737 circulus
841 676 899 737 aut
917 672 1019 756 orbis,
1044 671 1102 757 qui
1119 669 1241 748 κύκλος
1260 671 1385 737 Graece
1502 712 1503 729 κ

207 761 340 846 dicitur,
369 760 421 826 his
445 762 570 826 duabus
599 761 715 826 formis
739 761 903 848 contingit
935 761 1028 846 solis,
1059 765 1097 825 ut
1129 784 1241 826 omnes
1272 779 1415 826 earums

208 855 319 935 partes
343 850 411 915 sint
432 850 520 915 inter
543 872 578 916 se
597 850 793 915 simillumae
812 873 831 915 a
849 849 1020 936 medioque
1038 850 1232 915 tantundem
1250 853 1387 933 undique

152 955 188 1005 48
208 939 296 1005 absit
328 944 524 1024 extremum,
556 961 621 1024 quo
653 940 737 1004 nihil
764 939 836 1004 fieri
862 943 974 1023 potest
1001 939 1120 1023 aptius.
1166 937 1230 1005 Sed
1253 939 1282 1004 si
1304 939 1385 1005 haec

206 1050 274 1094 non
291 1029 423 1114 videtis,
443 1028 520 1114 quia
536 1050 716 1115 numquam
735 1028 898 1093 eruditum
916 1028 1009 1093 illum
1027 1029 1195 1113 pulverem
1212 1028 1385 1115 attigistis,

207 1140 248 1183 ne
280 1117 343 1183 hoc
371 1118 502 1203 quidem
528 1118 659 1203 physici
681 1118 871 1204 intellegere
893 1118 1065 1202 potuistis,
1096 1117 1181 1183 hanc
1204 1118 1384 1204 aequabili·

207 1212 311 1272 tatem
338 1212 448 1272 motus
476 1207 760 1292 constantiamque
788 1207 939 1271 ordinum
966 1206 1001 1271 in
1024 1207 1089 1271 alia
1111 1207 1217 1294 figura
1239 1230 1308 1272 non
1329 1229 1387 1292 po·
1405 1222 1429 1263 1⁰

208 1297 311 1361 tuisse
334 1296 479 1361 servari?
519 1295 636 1381 Itaque
658 1296 743 1361 nihil
760 1300 872 1380 potest
890 1318 961 1361 esse
979 1295 1156 1381 indoctius,
1180 1319 1278 1382 quam
1297 1297 1386 1381 quod
1504 1290 1505 1329 ³

208 1409 228 1450 a
253 1384 348 1451 vobis
373 1385 539 1450 adfirmari
562 1387 655 1450 solet.
700 1385 771 1451 Nec
794 1385 881 1450 enim
903 1384 990 1450 hunc
1012 1384 1121 1470 ipsum
1144 1385 1302 1449 mundum
1324 1406 1385 1470 pro

209 1479 298 1540 certo
318 1474 496 1540 rotrmdum
515 1497 586 1539 esse
604 1474 727 1560 dicitis3
750 1496 827 1539 nam
845 1496 942 1558 posse
961 1473 1045 1559 fieri,
1067 1479 1106 1538 ut
1125 1474 1169 1539 sit
1186 1474 1252 1539 alia
1269 1475 1386 1561 figura,

153 1579 190 1628 49
209 1563 527 1650 innumerabilesque
545 1565 684 1629 mundos
707 1563 790 1628 alios
810 1563 949 1628 aliarum
967 1585 1038 1628 esse
1058 1563 1246 1628 formarum.
1286 1562 1386 1649 Quae,

208 1653 250 1738 si,
268 1652 319 1718 bis
338 1652 417 1718 bina
436 1657 517 1740 quot
535 1658 658 1738 essent,
677 1652 845 1718 didicisset
863 1652 1040 1737 Epicurus,
1059 1657 1147 1717 certe
1164 1674 1232 1717 non
1248 1653 1385 1739 diceret;
1406 1667 1430 1710 1⁶

208 1742 265 1807 sed
287 1742 364 1806 dum
386 1742 513 1827 palate,
536 1742 614 1827 quid
635 1742 680 1807 sit
698 1742 873 1827 optimum,
895 1741 1031 1827 iudicat,
1051 1736 1163 1806 ‘caeli
1185 1737 1386 1827 palatum',

148 1835 188 1900 19
207 1835 246 1896 ut
275 1830 323 1895 ait
345 1830 486 1917 Ennius,
514 1853 582 1896 non
609 1831 765 1915 suspexit.
811 1829 898 1896 Nam
926 1853 1000 1895 cum
1023 1830 1087 1895 duo
1110 1830 1178 1905 sint
1200 1853 1321 1918 genera
1344 1831 1387 1897 si·
1505 1906 1506 1909 Ἴ

208 1920 335 2004 derum,
371 1942 510 2004 quorum
546 1921 686 1985 alterum
719 1920 835 2005 spatiis
867 1919 1128 1984 immutabilibus
1161 1920 1203 1984 ab
1236 1925 1313 1985 ortu
1345 1921 1385 1985 ad

209 2030 360 2074 occasum
389 2031 573 2074 commeans
596 2010 723 2073 nullum
747 2032 901 2095 umquam
925 2031 1038 2073 cursus
1063 2009 1114 2074 sui
1136 2009 1315 2095 vestigium
1337 2009 1386 2073 in·

208 2098 333 2183 flectat,
371 2098 512 2162 alterum
548 2102 658 2163 autem
695 2098 866 2163 continuas
904 2097 1131 2163 conversiones
1168 2097 1247 2163 duas
1279 2099 1385 2163 isdem
1404 2117 1432 2158 so

209 2186 325 2271 spatiis
358 2186 571 2271 cursibusque
604 2186 770 2273 conficiat,
802 2210 841 2251 ex
871 2191 1011 2271 utraque
1038 2209 1073 2251 re
1101 2190 1135 2251 et
1157 2186 1270 2251 mundi
1292 2188 1384 2253 volu·

245 2440 269 2489 7.
302 2439 461 2502 extremum,
499 2433 580 2488 dafiir
612 2434 770 2502 gebraucht
823 2432 1385 2502 ausderGesetzmtssigkeitund

209 2503 265 2560 Cic.
283 2503 354 2560 Tim.
374 2512 389 2560 6
413 2505 464 2559 dae
487 2504 701 2560 substantivum
724 2523 768 2561 ex-
824 2504 989 2574 Ordnung
1019 2504 1113 2559 ihrer
1144 2504 1385 2574 Bewegungen

210 2577 333 2633 tremitur
351 2602 378 2623 -
401 2574 434 2631 al
454 2580 586 2631 τελευταί
609 2572 668 2632 ‘die
690 2575 769 2632 Peri·
823 2576 1010 2631 einerseits
1042 2575 1103 2630 die
1128 2575 1386 2646 Kugelgestalt

207 2643 327 2718 pherie'.
798 2648 883 2716 ,der
901 2646 993 2702 Welt
1019 2647 1088 2701 und
1115 2647 1175 2702 der
1202 2646 1384 2717 (lectitas,

245 2743 270 2794 8·
289 2738 426 2792 eruditum
440 2738 586 2807 pulverem
620 2736 673 2793 Dio
691 2738 769 2792 alten
823 2716 1078 2801 anqfirerfleibfl·
1095 2718 1170 2773 ihre
1202 2717 1386 2774 Gilllblich·

208 2808 427 2864 Matremne
448 2808 574 2878 pragae
601 2809 657 2864 aa
682 2809 767 2863 raa
811 2790 897 2845 nen
915 2807 953 2844 zu
973 2789 1156 2845 bereum·

208 2880 262 2935 mit
277 2879 382 2935 feinem
396 2879 489 2935 Sande
503 2898 536 2934 zu
550 2880 697 2935 bedeeken
711 2882 769 2935 und
861 2885 901 2934 18.
927 2879 1027 2949 spatit's
1055 2879 1281 2935 immutabimus.
1328 2878 1385 2934 Der

207 2952 262 3007 mit
279 2952 371 3006 einem
390 2950 533 3006 Stabehen
558 2953 677 3020 (radias)
707 2951 769 3007 ihre
822 2949 918 3006 Ablat.
946 2967 995 3004 aur
1021 2948 1221 3019 Bezeichnung
1252 2951 1304 3004 der
1331 2950 1384 3006 Be·

208 3023 329 3093 Figuren
347 3022 378 3076 in
396 3022 551 3078 denselben
573 3041 606 3077 zu
625 3022 768 3079 zeichnen.
823 3038 945 3092 wegung
962 3020 993 3074 in
1007 3021 1076 3076 oder
1089 3021 1178 3077 durch
1193 3021 1275 3075 einen
1284 3021 1384 3078 Reum.

208 3094 265 3149 Der
282 3093 418 3149 Gadanlre
444 3093 483 3147 ist
514 3093 588 3148 also:
620 3093 667 3148 ihr
697 3094 770 3149 habt
823 3092 860 3149 So
874 3092 968 3163 gleich
983 3092 1108 3146 nuchhar
1121 3092 1179 3146 und
1192 3098 1207 3159 5
1221 3098 1285 3151 1082
1299 3094 1384 3149 isdem

209 3165 281 3221 euch
305 3164 351 3219 nie
376 3163 431 3219 mit
451 3163 636 3219 Mathematik
661 3163 768 3220 befallt.
822 3165 929 3235 spatiis
965 3163 1030 3234 Vgl.
1045 3169 1061 3230 ξ
1076 3169 1124 3219 95:
1143 3170 1198 3220 toto
1217 3165 1299 3221 caele.

245 3260 269 3310 9.
284 3255 405 3325 physica
424 3251 555 3308 ironiseh.
575 3253 603 3308 S.
614 3253 634 3322 Ι,
646 3260 688 3309 77.
858 3255 894 3309 ab
919 3259 982 3309 ortu
1008 3254 1046 3307 ad
1070 3269 1196 3309 occasum
1223 3270 1384 3324 commodae,

247 3349 287 3399 ιθ,
307 3343 376 3398 caeli
389 3343 525 3412 palatum,
554 3341 619 3397 wie
637 3340 699 3397 ,ἰὼ
718 3343 769 3397 der
824 3323 870 3379 die
907 3322 1057 3405 scheinbar
1090 3324 1237 3407 taglichen
1267 3325 1385 3380 Umdre·

208 3413 331 3470 Himmel
355 3415 425 3469 fiber
448 3412 498 3468 der
520 3413 593 3467 Erde
612 3413 712 3483 wfflbq
737 3431 769 3469 50
822 3396 938 3465 hungeri
947 3396 997 3449 der
1005 3395 1156 3463 Frustema
1166 3396 1287 3451 beurrlit
1295 3396 1384 3451 durch

210 3487 260 3541 der
273 3485 400 3541 Gaumen
413 3485 485 3540 fiber
498 3484 549 3539 der
561 3485 665 3555 Zunge,
682 3485 770 3539 daher
824 3466 870 3522 die
888 3465 1080 3549 pesthstliche
1094 3466 1230 3537 Drehung
1244 3468 1294 3522 der
1308 3468 1384 3524 Erde

210 3556 255 3612 die
274 3556 387 3627 gleiche
405 3554 611 3626 Bezeichnung.
631 3556 720 3610 Varro
739 3557 768 3611 b.
822 3556 871 3592 um
888 3539 949 3592 lhre
960 3538 1060 3594 Achse·

209 3629 323 3716 Apgde
334 3627 521 3693 civ.d.VIl‚8:
532 3627 770 3713 palatumflraeci
858 3651 902 3701 20,
921 3646 1106 3700 mmm
1122 3646 1201 3700 dm,
1229 3642 1284 3700 Die
1310 3647 1385 3700 ente

209 3718 333 3784 ουοᾳνᾳν
342 3700 483 3769 aaran
496 3700 770 3769 amanam
822 3716 1007 3786 Umorehung
1021 3716 1114 3771 haben
1128 3715 1386 3771 sierinetenmu

208 3771 308 3824 Lam
327 3772 431 3825 mim
449 3777 612 3853 mmm
630 3772 768 3853 P‘llmm·
824 3789 879 3842 den
905 3786 1070 3842 Fixsternen
1098 3787 1220 3856 gamain,
1253 3786 1307 3842 mit
1335 3787 1386 3843 der

208 3839 320 3911 Wegen
347 3840 397 3895 (¹0⁸
415 3840 525 3929 Gueph.
545 3843 602 3930 Vssl·
625 3843 711 3932 dmi·
734 3840 769 3898 (¹⁰
824 3857 1385 3929 aweitenmeintCiceroihreBewegung

210 3907 769 3999 Pfffldffnflqll'950331‘22'01’00‘1'02’31’
823 3931 906 3985 anter
924 3929 980 3983 den
998 3928 1126 3984 Sternen.
1163 3928 1244 3984 Denn
1272 3930 1311 3984 da
1338 3930 1385 3986 die

209 3984 771 4058 ‘9⁶²⁰lmmlllmw·lnEm⁸⁰80l¹¹¹¹8
824 4001 962 4056 Planeten
980 4018 1027 4054 um
1046 4000 1092 4055 die
1112 4001 1205 4056 Sonne
1223 4000 1333 4068 laulen,
1353 4017 1385 4056 so

208 4058 362 4111 vonetwas
371 4054 517 4110 Besserem
526 4055 603 4110 kann
613 4074 679 4111 man
687 4057 770 4111 fiher-
823 4073 974 4128 verqndm
1009 4070 1071 4127 sich
1106 4071 1153 4126 ih„
1184 4071 1235 4127 0st
1265 4087 1303 4126 an
1336 4072 1387 4127 (101

209 4129 316 4184 mem
331 4121 433 4182 ‘Gssum
452 4157 487 4168 ··
506 4126 740 4183 Hlmmehfflum’·
825 4143 945 4214 Sphhre¹
964 4142 1060 4199 indem
1075 4142 1130 4212 sie,
1149 4161 1196 4198 um
1224 4142 1271 4198 die
1291 4141 1387 4199 Souna

247 4222 288 4271 1⁷.
307 4222 339 4272 ut
360 4217 403 4272 ait
426 4215 554 4285 Maius,
582 4232 639 4285 wo,
668 4215 771 4271 nissen
824 4213 1386 4284 sichbewegend,denTierlrreisdui-oh·

210 4285 261 4339 wir
278 4285 366 4342 nicht.
824 4285 963 4341 wandeln.
983 4285 1066 4340 Diese
1080 4285 1210 4340 Umltnle
1224 4284 1387 4341 vollziehen

245 4357 389 4428 Kap.19‚
410 4364 554 4425 §lo-oe.
585 4356 771 4414 Beschrei-
824 4356 886 4412 sich
904 4356 951 4412 bei
970 4357 1026 4411 den
1044 4356 1189 4412 einzelnen
1207 4354 1387 4427 regelmassig

210 4427 303 4498 bung
321 4428 381 4500 der
399 4428 699 4499 Sternenbahnen,
718 4447 771 4484 um
824 4427 854 4482 in
872 4427 1027 4483 denselben
1045 4427 1169 4484 Bahnen
