3017 4800
197 232 261 297 168
481 188 487 197 ⁴
579 227 627 280 on
646 212 983 289 narcal'naoaon.

197 388 238 454 ad
252 389 422 454 serendum
436 389 601 474 relinquit.
625 382 897 474 Mesopotamiam
910 388 1054 454 fertilem
1063 387 1165 453 efficit
1173 387 1378 477 Euphrates,

197 478 233 542 in
256 501 354 564 quarn
377 487 458 563 quot
481 482 583 543 annos
607 478 701 564 quasi
723 500 826 543 novos
850 500 947 564 agros
974 477 1109 542 invehit.
1155 477 1255 542 Indus
1284 500 1375 563 ver0,

198 567 255 653 qui
278 572 329 632 est
352 566 497 631 omnium
520 566 692 631 fluminum
720 567 895 651 maximus,
925 589 993 632 non
1022 589 1107 652 aqua
1136 567 1241 632 solum
1272 589 1372 653 agros

197 656 354 720 laetificat
377 660 410 720 et
437 655 583 742 mitigat,
606 656 663 721 sed
690 678 745 720 ecs
779 659 878 721 etlam
910 656 1065 740 conserit,
1096 677 1250 742 magnam
1284 657 1372 720 enim

197 745 264 809 rim
300 744 461 810 seminum
497 767 608 809 secum
642 744 801 809 frumenti
842 744 999 808 similium
1039 744 1158 809 dicitur
1190 745 1409 828 deportares

136 845 187 897 131
198 832 366 918 Multaque
389 833 454 897 alia
476 833 511 897 in
534 833 606 898 aliis
629 833 710 898 Iocis
734 833 1032 898 commemorabilia
1053 832 1198 918 proferre
1225 856 1372 918 possum,
1506 838 1507 847 ’

133 924 179 990 53
198 922 319 989 multos
342 921 468 986 fertiles
491 943 588 1008 agros
612 922 693 987 alios
717 922 856 987 aliorum
878 921 1053 987 fructuum.
1091 921 1154 987 Sed
1171 922 1229 986 iIIa
1248 926 1373 1007 quanta

199 1010 386 1097 benignitas
408 1014 558 1095 naturae,
582 1010 668 1096 quod
690 1015 760 1075 tam
783 1011 887 1075 multa
905 1012 946 1076 ad
963 1011 1170 1096 vescendum,
1193 1015 1262 1076 tam
1280 1011 1373 1075 varia
1455 1073 1460 1083 ,

199 1104 232 1165 et
253 1103 323 1164 tarn
345 1099 487 1164 iucunda
510 1100 633 1186 gignit,
655 1122 759 1184 neque
774 1123 812 1165 ea
825 1122 891 1165 unc
909 1104 1055 1184 tempore
1074 1100 1165 1185 anni,
1187 1104 1225 1164 ut
1243 1122 1374 1184 semper

72 1212 78 1223 ·
118 1220 120 1223 v
199 1192 233 1253 et
258 1189 406 1253 novitate
436 1188 633 1253 delectemur
660 1195 693 1254 et
721 1188 827 1273 copia!
879 1187 984 1265 Quam
1015 1189 1228 1273 tempestivos
1261 1194 1373 1253 autern
1394 1208 1425 1249 rc

199 1276 301 1362 dedit,
321 1282 419 1362 quarn
438 1278 597 1342 salutares
616 1299 683 1342 non
700 1279 797 1343 modo
815 1277 999 1363 hominum,
1018 1278 1075 1343 sed
1093 1277 1193 1342 etiam
1211 1278 1374 1362 pecudum

199 1365 324 1451 generi,
350 1365 392 1430 iis
422 1366 560 1452 denique
588 1366 749 1453 omnibus
782 1390 864 1451 quae
894 1367 1046 1432 oriuntur
1078 1390 1095 1431 e
1125 1372 1226 1451 terra,
1255 1372 1388 1432 ventos·

200 1453 346 1519 Etesiae!
370 1477 508 1540 quorum
530 1455 612 1520 flatu
641 1455 735 1519 nimii
767 1459 993 1540 temperantur
1025 1455 1162 1542 calores3
1194 1457 1235 1520 ab
1267 1456 1375 1520 isdem

201 1543 301 1607 etiam
324 1543 483 1608 maritimi
506 1566 619 1609 cursus
643 1546 763 1609 celeres
783 1549 816 1609 et
839 1545 920 1609 certi
939 1545 1140 1632 deriguntur.
1163 1545 1269 1610 Multa
1282 1567 1376 1629 prae·

139 1645 191 1697 182
201 1632 358 1696 tereunda
380 1636 459 1697 sunt
482 1635 529 1713 [et
558 1637 670 1698 tamen
698 1634 803 1698 multa
833 1634 1008 1715 dicunturl.
1061 1633 1255 1698 Enumerari
1286 1634 1374 1698 enirn
1394 1651 1427 1693 rc

199 1743 267 1785 non
289 1724 427 1805 possunt
447 1721 621 1806 fluminum
645 1723 924 1806 opportunitates,
952 1727 1067 1788 aestus.
1090 1723 1247 1787 maritimi
1276 1724 1374 1805 [mul-

106 1875 111 1882 ,
201 1811 285 1890 tum]
310 1810 498 1875 accedentes
522 1815 555 1875 et
579 1812 779 1897 recedentes,
802 1816 930 1876 montes
949 1812 1061 1877 vestiti
1080 1817 1178 1897 atque
1197 1811 1375 1897 silvestres,

201 1898 324 1963 salinae
348 1898 389 1962 ab
413 1920 470 1963 ora
493 1900 659 1965 maritima
681 1900 933 1985 remotissimae,
956 1901 1267 1966 medicamentorum
1291 1900 1377 1965 salu·

201 1986 322 2052 tarium
344 1987 553 2071 plenissimae
576 1993 696 2072 terrae,
719 1990 879 2054 utilitates
897 1990 1041 2076 'denique
1063 1990 1318 2054 innumerabiles
1334 1989 1375 2054 ad

90 2150 91 2153 Ἴ
200 2076 325 2140 victum
340 2080 382 2139 ‘et
404 2076 445 2140 ad
466 2077 569 2141 vitam
587 2078 797 2143 necessariae.
820 2078 890 2143 Iam
909 2079 1163 2164 diei-noctisque
1181 2078 1375 2143 vicissitudo
1396 2099 1429 2139 eo

82 2171 84 2173 ’
162 2240 163 2243 ¹
202 2168 373 2229 conservat
395 2165 576 2230 animantes
598 2166 745 2231 tribuens
762 2168 849 2231 aliud
868 2168 986 2254 agendi
1005 2173 1151 2253 tempus,
1175 2168 1263 2232 aliud
1287 2168 1377 2253 quie·

240 2415 263 2464 1.
281 2409 452 2480 Euphrates,
475 2411 547 2465 Plin.
565 2430 593 2468 n.
612 2413 639 2467 h.
658 2413 691 2481 V,
711 2419 759 2468 26:
813 2413 872 2469 Liv.
888 2414 920 2482 V,
932 2413 1010 2483 84',2=
1036 2414 1131 2470 Gallio
1152 2415 1266 2486 frugum
1289 2416 1378 2470 tomi-

146 2544 149 2554 ,
202 2482 329 2538 increscit
347 2490 438 2537 autem
456 2483 636 2554 (Euphrates)
661 2492 686 2539 et
703 2487 761 2554 ipae
814 2503 932 2555 numque
949 2488 1062 2553 fertilis.
1086 2486 1153 2541 Sall.
1170 2487 1230 2556 lug.
1244 2486 1334 2554 XVII,
1346 2493 1380 2541 5:

201 2552 267 2608 Nili
297 2554 375 2609 modo
407 2557 486 2609 statis
509 2557 611 2610 'diebus
642 2557 761 2625 paulam
815 2574 880 2628 aper
896 2559 1011 2627 fraqam
1027 2559 1136 2626 fertilia

201 2625 321 2692 dc'ffocas
339 2642 372 2679 ac
390 2625 614 2695 Mesopotamiam
632 2629 761 2681 tuamet.
852 2634 893 2682 12.
912 2636 1003 2684 amtor
1021 2629 1143 2692 Etesiae,
1171 2628 1218 2683 dic
1240 2629 1377 2684 wahrend

239 2700 264 2749 2.
291 2701 355 2763 quot
381 2713 482 2764 anuos,
510 2698 565 2766 eig.
594 2697 650 2752 alle
675 2698 761 2752 Jahre
816 2699 867 2753 der
884 2699 1051 2770 Hundstagc
1068 2699 1099 2754 in
1117 2700 1173 2754 den
1190 2699 1377 2754 Mittelmeer

202 2764 356 2833 hindurch,
375 2767 493 2821 brrdhrt
520 2767 582 2822 sich
608 2769 681 2823 nahe
708 2769 762 2822 mit
817 2770 935 2824 landem
948 2771 1104 2826 wehenden
1121 2771 1376 2827 Nordwestwindc.

202 2843 267 2906 quent
284 2840 374 2901 annm,
395 2838 432 2890 da
449 2853 514 2892 man
531 2856 587 2894 von
605 2840 683 2907 dem,
702 2857 761 2894 was
853 2848 894 2896 14.
913 2844 1007 2897 celeres
1024 2850 1050 2898 et
1063 2845 1138 2912 certi,
1158 2842 1203 2897 dic
1217 2842 1305 2911 I'oIge
1321 2860 1380 2897 von

203 2908 271 2961 sicliv
287 2908 344 2963 elle
372 2909 457 2963 Jahre
484 2909 659 2980 wiederholt,
688 2912 762 2966 auch
815 2914 988 2985 decipientur,
1010 2930 1041 2968 so
1065 2915 1121 2969 'dall
1145 2913 1190 2968 die
1210 2914 1380 2968 Seefahrten

58 2998 62 3006 ·
124 3037 126 3039 ,
203 2979 384 3048 sagcnlrann,
404 2979 461 3034 dall
478 2997 507 3035 es
522 2983 655 3036 wahrend
669 2983 761 3037 dieses
816 2984 1376 3054 schnellundsichervonstattengehcn.

203 3049 292 3102 durch
319 3057 384 3119 quot
414 3054 498 3132 cauis
528 3052 656 3107 fixierten
687 3052 760 3107 Zeit-
853 3061 894 3109 15.
922 3056 963 3126 [et
993 3062 1085 3111 tamen
1111 3058 1198 3111 multa
1226 3057 1381 3181 dicuutur(

202 3136 314 3174 raumes
332 3122 488 3190 geschieht
816 3125 862 3179 die
877 3126 1132 3197 Randbemerkung
1146 3126 1222 3182 eines
1236 3128 1351 3197 uugedu
1365 3158 1376 3169 -

239 3198 263 3245 3.
298 3194 449 3260 mammas,
486 3193 549 3248 eine
586 3194 761 3250 irrtdmliche
816 3196 903 3266 digen
920 3196 1027 3263 Lesers,
1047 3198 1169 3252 welchcr
1184 3197 1281 3254 Cicero
1300 3200 1379 3252 truta

203 3261 402 3332 Vorstellung,
429 3263 474 3317 dic
502 3263 576 3319 vielc
608 3267 658 3319 der
684 3267 762 3320 alten
815 3269 864 3321 des
895 3268 950 3322 mit
976 3270 1067 3323 multa
1090 3272 1292 3339 praetereunda
1310 3276 1378 3325 cunt

204 3332 408 3387 Schriftstellcr
425 3334 478 3388 mit
496 3333 593 3391 Cicero
612 3336 707 3392 teiIen.
726 3355 761 3377 ὼ
815 3334 1046 3409 angekiindigt'cn
1066 3339 1211 3395 Schlusses
1239 3340 1269 3395 in
1297 3342 1375 3394 dem·

201 3403 312 3473 Wegen
339 3405 389 3458 des
414 3405 534 3461 Maskul.
557 3425 578 3462 s.
599 3406 760 3477 llll-Scyll.
815 3410 911 3465 selben
932 3412 1041 3465 Thema
1057 3411 1214 3468 fortfahren
1233 3411 1315 3466 sleht.

203 3473 249 3531 Gr.
262 3473 387 3530 132A2.
852 3488 893 3537 16.
912 3483 1060 3554 [maltam]
1078 3482 1188 3537 scheint
1207 3483 1379 3538 antetandeu

238 3552 263 3601 4.
283 3548 412 3615 unificat
426 3543 549 3618 ‘dungal
586 3548 659 3604 Plin.
686 3568 713 3604 n.
732 3550 760 3605 h.
816 3570 849 3606 zu
860 3552 921 3607 sein
931 3570 980 3607 aus
991 3553 1069 3608 einer
1082 3554 1379 3623 iibergeschriebenen

205 3616 311 3685 XVIII,
337 3624 385 3684 12:¹
420 3620 488 3687 faba
519 3621 605 3675 eclam
632 3622 762 3690 laetificat
815 3624 1381 3694 Variantetum-tam(tumaccedeutec‚

201 3687 761 3761 maraviae-mitiqahockertauf.
815 3701 873 3749 tum
891 3697 996 3764 reced).

115 3819 120 3836 )
239 3764 263 3812 ὁ.
273 3759 406 3826 frumeuti
411 3762 551 3816 similium.
565 3754 688 3819 ilhnlioh
698 3766 762 3832 sagt
852 3772 894 3821 17.
913 3769 1192 3838 venumdentur,
1210 3769 1308 3824 laertia
1333 3767 1379 3824 Cf.

202 3827 304 3884 Strabo
326 3830 384 3899 XV,
406 3850 433 3902 p.
452 3838 516 3900 694,
534 3834 590 3888 dall
611 3834 641 3887 in
661 3835 762 3889 Indien
814 3837 848 3904 II,
860 3844 902 3892 98.

202 3901 327 3955 wachsc:
340 3908 417 3956 σῖτον
427 3900 496 3957 αὐτο
522 3907 557 3974 νῆ
575 3907 655 3978 πυρῷ
669 3926 760 3976 παρα·
852 3914 893 3963 18.
912 3909 1018 3964 saliuae
1035 3912 1071 3965 ab
1094 3927 1144 3965 ora
1169 3912 1260 3967 marii.
1281 3917 1379 3967 remot.

201 3969 327 4041 πλήσιον.
350 3969 404 4027 Mil
418 3975 472 4029 den
545 3978 761 4031 rechwemmun·
814 3978 986 4035 Natdrliche
1012 3980 1165 4051 Salzlager,
1196 3982 1234 4036 im
1263 3980 1378 4051 degen-

202 4059 258 4167 {en
268 4044 318 4098 des
330 4045 415 4099 Indus
427 4046 522 4117 brrngt
532 4064 562 4102 cr
568 4048 673 4116 jedoch
683 4048 760 4104 diesc
815 4053 873 4104 sata
891 4069 925 4104 zu
939 4052 1003 4106 dem
1018 4052 1189 4108 vermittelst
1203 4052 1380 4108 Seewassers

227 4114 398 4186 racheinung
417 4116 498 4172 nicht
519 4118 551 4172 in
567 4118 759 4189 Verbindung.
814 4139 836 4176 z.
860 4121 891 4176 B.
916 4122 948 4175 in
975 4124 1042 4177 den·
1059 4122 1174 4180 Salinen
1205 4141 1262 4179 von
1294 4124 1379 4180 (Istic

234 4192 265 4267 J.
293 4188 413 4242 alimum
442 4190 593 4257 fructuum.
646 4192 761 4261 Fertilis
814 4192 960 4247 In‘instlich
978 4210 1168 4263 gewonnenen
1188 4194 1274 4250 Salac.

90 4261 96 4271 '
202 4258 256 4337 ml
282 4256 347 4338 dem
364 4257 462 4315 Genet.
481 4261 562 4316 relat.
585 4261 674 4315 findet
699 4262 760 4315 sich
791 4270 794 4280 '
851 4270 892 4319 19.
911 4266 1054 4333 utilitates,
1082 4265 1145 4320 eine
1163 4266 1379 4337 Verbcsserung

203 4325 250 4381 ber
265 4327 361 4382 Cicero
376 4347 428 4383 nur
445 4347 482 4384 cn
496 4332 588 4386 dieser
601 4332 699 4400 Stelle,
713 4333 760 4387 bei
813 4333 908 4389 Kochs
927 4338 997 4389 statt
1020 4336 1069 4390 des
1088 4337 1201 4391 hdschr.
1221 4344 1300 4393 artu.
1347 4339 1378 4396 8.

202 4397 309 4451 andern
318 4398 485 4457 Proeaikern
497 4402 684 4460 nichtselten.
694 4404 759 4475 Vgl.
814 4423 836 4460 z.
851 4407 871 4474 I,
882 4411 924 4476 38,
944 4407 1000 4477 vgl.
1016 4407 1050 4476 II,
1064 4413 1119 4463 145.
