3017 4800
221 268 264 334 22
608 263 657 316 aa
677 261 831 345 assuas
849 235 1012 318 naoauu.

222 429 338 494 debeat
365 449 497 493 eausam
527 431 560 491 et
591 426 790 511 principium
821 426 1049 512 philosophiae
1080 448 1150 491 esse
1180 426 1396 510 inscientiam,
1494 432 1495 507 }

220 518 460 603 prudenterque
483 514 696 581 Academicos
720 538 740 580 a
768 515 866 581 rebus
893 516 1027 582 incertis
1056 515 1283 581 adsensionem
1311 514 1398 581 cohi·

221 607 340 672 buisse.
397 605 481 682 Quid
514 609 564 671 est
601 605 688 670 enim
724 604 912 670 temeritate
947 605 1076 690 turpius
1118 609 1175 670 aut
1213 605 1291 690 quid
1327 609 1397 670 tarn

221 695 431 761 temerarium
454 699 586 779 tamque
617 694 788 780 indignum
816 695 974 780 sapientis
1003 694 1166 781 gravitate
1194 699 1292 779 atque
1323 715 1397 759 eon·
1494 772 1495 777 γ

222 785 346 850 stantia
369 807 467 869 quam
486 788 544 848 aut
560 782 682 849 falsum
701 783 823 849 sentire
842 788 913 869 aut,
937 784 1024 869 quod
1041 806 1109 848 non
1129 783 1209 849 satis
1229 784 1396 867 explorate
1416 803 1430 844 s
1494 786 1495 849 3

221 878 412 958 perceptum
436 873 480 938 sit
511 876 544 939 et
567 872 749 960 cognitum,
778 872 848 937 sine
875 873 943 937 ulla
971 873 1175 938 dubitatione
1203 871 1396 937 defendere?
1494 906 1495 911 .

187 962 324 1029 svelui
345 963 381 1027 in
402 962 465 1027 hac
488 962 678 1047 quaestione
708 961 872 1047 plerique,
905 961 991 1047 quod
1021 961 1161 1027 maxime
1191 961 1260 1028 veri
1291 961 1397 1026 simile
1494 1042 1495 1051 ἵ

222 1056 285 1138 est,
308 1056 342 1117 et
365 1074 429 1137 quo
454 1073 565 1116 omnes
589 1050 670 1117 duce
692 1056 811 1116 natura
834 1050 997 1136 venimus,
1028 1051 1104 1116 deos
1136 1073 1206 1116 esse
1237 1050 1398 1134 diserunt,
1494 1054 1495 1071 ¹

221 1140 370 1207 dubitare
389 1163 423 1205 se
442 1138 655 1226 Protagoras,
676 1139 785 1205 nullos
805 1161 875 1205 esse
895 1139 1027 1205 omnino
1049 1140 1208 1226 Diagoras
1226 1138 1344 1204 Melius
1365 1143 1399 1204 et
1494 1152 1495 1169 ³

220 1229 410 1295 Theodorus
425 1227 623 1315 Oyirenaicus
638 1234 845 1314 putaverunt.
888 1228 951 1305 Qui
968 1252 1046 1295 vero
1060 1229 1137 1294 deos
1153 1252 1223 1294 esse
1238 1228 1398 1313 dixerunt,

221 1324 315 1385 tanta
338 1322 416 1385 sunt
438 1319 473 1383 in
495 1318 654 1384 varietate
677 1323 711 1384 et
734 1318 950 1404 dissensione,
972 1323 1141 1383 uteorum
1159 1319 1335 1383 molestum
1353 1317 1399 1382 sit

221 1409 426 1474 dinumerare
450 1408 639 1474 sententias.
685 1407 773 1473 Nam
796 1413 829 1472 et
853 1408 891 1473 de
914 1408 1029 1494 figuris
1053 1407 1187 1472 deorum
1207 1411 1240 1472 et
1258 1407 1297 1471 (16
1315 1406 1397 1472 loeis
1488 1418 1491 1430 ’

222 1502 320 1584 atquc
344 1497 474 1565 sedibus
499 1497 593 1562 etde
617 1497 746 1563 actione
769 1497 856 1562 vitae
885 1498 990 1562 multa
1019 1496 1185 1582 dicuntur,
1215 1496 1317 1581 deque
1345 1495 1398 1561 his

258 1750 282 1800 1.
301 1744 476 1800 inscientiam
495 1738 558 1796 ‘das
572 1739 781 1812 Nichtwiseen',
836 1741 1016 1813 Zeitgenosse
1036 1743 1086 1798 des
1110 1742 1255 1811 Solinates,
1280 1742 1330 1797 der
1347 1743 1398 1797 be·

222 1817 353 1886 dagegen
382 1815 496 1870 inscitia
518 1814 550 1884 (l,
561 1815 607 1884 85)
640 1811 699 1869 ‘die
725 1814 782 1868 Un-
837 1814 1004 1869 deutandste
1015 1816 1098 1869 unter
1112 1813 1168 1869 den
1183 1812 1342 1884 Sophisten.
1360 1813 1400 1867 Er

222 1882 408 1942 wisscnheit'.
423 1885 488 1954 Vgl.
498 1884 552 1940 mit
565 1901 680 1941 unsarai
694 1885 782 1941 Stella
837 1886 971 1955 leugnete
987 1885 1054 1955 jede
1074 1884 1220 1955 objcktive
1238 1883 1397 1952 Wahrheit,

221 1958 308 2014 Arist.
329 1957 397 2013 Met.
412 1957 432 2025 I,
449 1962 523 2024 2,1o:
548 1952 597 2010 διὰ
615 1953 647 2011 τὸ
662 1954 783 2026 φεύγειν
838 1972 868 2011 es
895 1956 968 2028 geba
1000 1974 1053 2010 nur
1081 1954 1242 2026 subjclitive
1274 1955 1399 2010 Vorstel·

222 2028 273 2100 τὴν
292 2025 412 2100 ἄγνοιαν
427 2023 648 2097 ἐφιλοσόφησαν.
672 2028 704 2081 In
719 2027 784 2082 dem
837 2027 957 2098 langen,
973 2027 1070 2097 jedem
1089 2027 1131 2083 sei
1149 2028 1200 2083 das
1224 2028 1314 2095 wahr,
1339 2043 1399 2083 was

222 2099 445 2156 Zusammenhan
467 2114 490 2166 e,
504 2097 676 2155 inwelchem
686 2096 783 2153 Cicero
837 2098 898 2152 ihm
911 2101 1074 2154 momentan
1092 2098 1137 2152 fiir
1151 2099 1229 2153 wahr
1243 2097 1396 2168 erscheine,

223 2173 320 2228 diesen
351 2117 506 2226 Gadanhen
538 2168 709 2239 ausapricht,
743 2168 783 2224 ist
835 2166 951 2225 πάντων
962 2166 1111 2240 χρημάτων
1123 2167 1224 2240 μέτρον
1235 2165 1398 2237 ἄνθρωπος.

223 2240 350 2298 darselbe
361 2240 502 2312 auffallig.
525 2241 583 2295 Aus
593 2241 656 2295 dem
671 2240 782 2296 Wider·
837 2240 908 2296 Dem
922 2241 1130 2311 entsprechend
1144 2258 1239 2296 waren
1250 2240 1327 2295 scine
1341 2240 1398 2295 An·

223 2314 343 2386 spruche
366 2313 417 2368 dar
439 2311 595 2367 Ansichten
616 2311 693 2367 kann
716 2328 783 2366 man
837 2311 949 2367 sichtcn
973 2329 1030 2368 son
1061 2312 1117 2367 den
1147 2311 1275 2369 Gdttern.
1322 2299 1399 2367 Uber

223 2386 346 2456 fulgora,
371 2382 428 2439 dall
447 2382 493 2438 dia
512 2383 664 2440 Menschen
687 2382 783 2439 nichts
838 2382 935 2440 seinen
953 2381 1117 2440 Atheismus
1137 2401 1157 2439 s.
1173 2386 1248 2450 ἓξὲξ)
1263 2401 1289 2439 u.
1305 2389 1348 2439 63.

223 2456 403 2512 Bestimmtes
417 2454 531 2524 nissen,
551 2454 711 2511 nichtaber
725 2453 783 2511 dail
873 2455 1016 2527 Diaporas
1041 2472 1091 2510 aus
1114 2456 1216 2524 Melos,
1244 2455 1322 2511 einer
1347 2456 1399 2511 dar

224 2530 274 2585 das
302 2525 493 2582 Nichtwissen
521 2528 571 2581 der
596 2526 709 2597 Anfang
735 2544 784 2581 zur
838 2525 996 2596 Cykladen,
1042 2526 1088 2582 ein
1126 2527 1308 2596 Zeitgenosse
1348 2527 1398 2582 des

224 2597 409 2670 Philosophia
429 2596 478 2653 sei.
516 2596 582 2652 Man
596 2598 647 2653 hat
665 2598 784 2653 deshslb
839 2596 969 2667 vorigen,
1004 2597 1122 2653 Schitler
1158 2598 1208 2653 des
1240 2597 1398 2667 Demokrit,

224 2672 269 2725 (116
301 2671 400 2726 Worte
438 2676 463 2725 et
490 2670 665 2740 principiam
692 2671 784 2741 pia'io·
839 2668 995 2739 Philosoph
1018 2670 1076 2724 und
1094 2669 1221 2725 Dichter.
1257 2670 1296 2723 Er
1320 2669 1399 2724 lebte

223 2744 333 2813 sophiae
351 2742 396 2796 fiir
421 2742 466 2797 cin
490 2740 618 2797 Glosscm
641 2741 783 2811 gehalten,
838 2739 1026 2796 meistenteils
1045 2740 1075 2794 in
1094 2741 1201 2809 Athen,
1225 2740 1269 2796 bis
1289 2756 1319 2795 cr
1337 2740 1399 2796 sich

223 2831 254 2870 so
277 2812 334 2868 dall
359 2814 409 2867 der
435 2812 504 2868 Sinn
530 2813 579 2867 der
605 2812 696 2867 Stella
723 2812 785 2868 sein
839 2812 904 2866 dori
917 2811 1268 2883 wegendotteslasterung
1281 2817 1399 2883 unmdg·

223 2886 332 2941 wiirde:
366 2885 408 2940 als
434 2881 532 2940 Grund
561 2884 607 2939 fiir
636 2884 683 2939 (116
713 2884 782 2939 Ver·
837 2882 897 2938 lich
916 2884 1037 2939 machte.
1057 2884 1122 2954 Vgl.
1137 2889 1197 2950 §63
1212 2901 1239 2939 u.
1254 2884 1302 2951 ΙΙΙ,
1314 2889 1357 2940 89.

224 2955 420 3012 schiedenheit
450 2956 499 3010 der
530 2954 685 3010 Ansichten
714 2954 783 3009 muli
875 2961 917 3010 10.
936 2955 1094 3011 Theodorus
1103 2954 1400 3024 ausCyrene,Sch1”1ler

223 3029 274 3082 das
283 3026 473 3082 Nichtwissen
487 3026 592 3097 gelten.
606 3025 784 3096 Dalljedoch
838 3026 888 3081 des
898 3024 1067 3096 Aristippus,
1084 3044 1132 3082 um
1141 3033 1283 3083 320-280
1291 3045 1317 3082 v.
1325 3024 1397 3095 chr,

225 3099 335 3168 Cicero,
354 3098 435 3152 hatte
454 3113 484 3153 er
507 3097 605 3151 diesen
628 3096 784 3151 Gadanlren
838 3093 929 3159 ἄθεος
947 3101 1081 3167 genennt.
1100 3098 1164 3168 Vgl.
1179 3104 1249 3164 563.

224 3168 401 3225 ausdriichen
414 3168 530 3236 wellen,
546 3166 652 3223 diesin
666 3168 785 3222 anderes
876 3173 918 3223 11.
943 3174 1024 3224 tanta
1052 3175 1119 3225 sarit
1147 3170 1180 3225 in
1210 3170 1342 3226 aeaeae
1374 3176 1400 3225 ct

223 3239 319 3296 Weiss
337 3239 445 3310 gethan
462 3239 556 3293 haben
579 3239 687 3305 warde,
712 3238 785 3308 liegt
839 3240 1013 3295 dissensione.
1032 3239 1085 3294 Die
1103 3240 1283 3311 Prtposition
1296 3242 1329 3296 in
1346 3240 1400 3295 mit

225 3311 313 3368 suller
341 3312 425 3365 allem
450 3308 578 3377 Zweife13
609 3308 784 3364 mindestene
840 3311 904 3365 dem
923 3309 1018 3365 Ablat.
1032 3311 1148 3367 vertritt
1160 3312 1214 3366 mit
1227 3310 1398 3367 Nachdruclr

225 3384 431 3439 erwsrtetman
443 3382 513 3436 stati
526 3380 575 3436 dee
586 3381 786 3451 unpassendsn
840 3380 887 3436 die
907 3381 994 3437 Stella
1013 3381 1091 3438 eines
1109 3382 1305 3452 AdJ'cctivums
1330 3383 1400 3437 oder

224 3462 256 3512 nt
269 3471 368 3526 rnepne
377 3458 537 3525 arpamcnto
551 3468 605 3509 csse
618 3453 712 3509 detra
721 3451 784 3508 eine
840 3451 917 3509 eines
936 3452 1036 3509 (tenet.
1053 3454 1121 3509 oder
1134 3454 1228 3510 Ablat.
1244 3453 1398 3523 qualitatis.

225 3526 377 3596 Wendung
404 3523 456 3579 wic
488 3530 521 3581 nt
551 3525 620 3581 satis
651 3530 786 3597 appareat
839 3523 904 3595 Vgl.
920 3530 971 3582 31:
989 3532 1056 3582 sant
1073 3526 1158 3582 nam
1172 3527 1204 3581 in
1221 3527 1336 3594 erratis,
1350 3532 1398 3580 3⁷:
1487 3572 1489 3580 ,

226 3598 299 3654 oder·
312 3599 399 3652 etwas
418 3595 571 3670 thnlichas.
839 3597 872 3651 tn
889 3613 989 3668 ncapno
1012 3613 1103 3653 errore
1120 3598 1255 3653 sententia
1283 3603 1335 3665 cst,
1363 3597 1399 3651 de

260 3675 285 3725 2.
318 3668 505 3724 adsensiones
542 3667 705 3737 cohibuisse,
739 3667 786 3723 ein
839 3668 885 3723 fin.
901 3667 993 3738 luci:
1013 3674 1142 3738 quartam
1169 3684 1254 3739 penas
1276 3669 1401 3739 seqnitur

225 3737 785 3796 TerminusderNeuakademiker.head.
840 3740 915 3796 etin
932 3740 1024 3795 eadem
1034 3740 1244 3809 pulchritudine
1264 3745 1289 3795 ct
1303 3745 1400 3810 aptam

224 3812 317 3877 lise:
341 3827 375 3867 ce
396 3812 440 3867 icis
469 3811 520 3867 iila
542 3811 693 3866 necessario
717 3816 787 3867 nata
840 3811 1048 3879 catilistribas,
1066 3810 1149 3868 Tusa.
1163 3811 1242 3880 I,94:
1262 3812 1294 3866 in
1308 3812 1400 3867 eadcns
1494 3859 1495 3868 ,

225 3889 263 3940 est
278 3877 375 3953 ἐποχή,
384 3882 464 3938 idest
479 3883 651 3938 adsemionis
664 3883 785 3938 retentio.
841 3883 970 3939 brwr'tate
992 3884 1169 3952 reperiemur,
1197 3883 1232 3937 (16
1256 3882 1301 3938 off.
1318 3883 1340 3950 I,
1350 3889 1399 3938 42:

260 3961 285 4010 4.
305 3955 439 4025 sapientr's
451 3979 479 3999 =
487 3954 658 4024 philosophi,
682 3952 785 4009 ebenso
839 3954 872 4010 in
889 3955 981 4014 aden
998 3954 1140 4011 ncinstr‘tia
1157 3960 1231 4010 arrd.

225 4025 279 4081 wie
298 4025 437 4097 sapientia
449 4050 477 4071 =
486 4025 671 4095 philosophia.
874 4026 1015 4081 molestam
1028 4026 1077 4093 sit,
1097 4025 1235 4081 troiadem
1249 4023 1401 4096 geschieht

262 4104 286 4154 θ.
301 4104 459 4170 perceptam
481 4098 519 4152 sit
541 4102 566 4153 ct
589 4097 742 4168 copnr'trnn,
763 4113 785 4151 s.
840 4112 870 4151 es
888 4095 1014 4151 naehher
1031 4095 1147 4166 §solip

224 4169 291 4237 1,12
310 4187 333 4224 c.
344 4169 559 4239 perciperentur.
876 4173 918 4223 13.
937 4168 970 4222 de
989 4169 1096 4224 actione
1117 4167 1197 4223 citae.
1230 4167 1309 4223 Vitae
1326 4168 1400 4224 aetio

263 4248 287 4296 7.
317 4240 395 4296 Veint
421 4239 523 4294 nimmt
544 4237 641 4308 Becug
666 4237 717 4293 auf
738 4236 785 4293 die
839 4236 1005 4293 bezeichnet
1023 4240 1103 4293 sonst
1125 4237 1165 4291 im
1183 4237 1341 4309 Gegensatz
1365 4256 1400 4294 zu

226 4311 324 4367 Warte
348 4319 405 4368 tarn
430 4313 614 4379 discrepantes
638 4310 786 4367 smtrrdiae
840 4304 1221 4380 nentaepitatio(§lo)‘die
1234 4309 1399 4380 prektischs

225 4381 266 4437 im
284 4382 441 4438 vorletzten
460 4382 550 4438 Satzc.
840 4376 1023 4449 Thatiglreit',
1043 4379 1105 4435 hier
1120 4379 1274 4450 allgemsin
1286 4407 1314 4427 ι
1327 4382 1400 4438 odae

176 4497 183 4508 .
263 4460 288 4511 9.
313 4453 483 4526 Protaporns
508 4471 557 4510 aus
582 4452 709 4524 Abdara,
740 4451 787 4507 ein
839 4452 927 4521 ratio,
946 4449 1077 4509 wieres.
