3017 4800
483 228 551 285 LIB.
561 229 608 284 ΙΙΙ.
627 227 705 284 ΟΑΡ.
720 236 834 285 26-28.
854 235 997 296 §or—70.
1057 280 1060 285 ,
1260 235 1326 299 223

239 389 362 476 Adde,
385 391 505 476 inquit,
529 392 617 477 hdo,
641 394 745 478 quod
773 393 868 458 mihi
895 396 1083 478 portento
1113 395 1325 459 caelestdm

1006 487 1117 568 pater

239 567 467 656 Prodigium
490 570 613 655 misit,
635 570 748 657 regni
772 571 1004 636 stabilime'n
1025 573 1113 656 mei,

240 658 393 745 Agnum
415 658 520 724 inter
542 659 707 745 pecudes
732 665 848 725 aurea
871 661 1016 725 clardm
1040 683 1147 726 coma
1255 679 1258 686 ·

241 746 438 824 Quendam
460 748 668 833 Thyestem
693 749 845 832 clepere
875 771 1008 814 ausum
1039 772 1123 815 esse
1154 753 1171 814 (Ξ
1201 750 1324 836 regia,

116 857 131 897 s
241 834 321 912 Qua
343 837 444 901 inre
467 837 701 902 adiutricem
724 838 927 924 coniugem
951 838 1056 923 oepit
1079 839 1164 904 sibi.

152 925 332 990 Videturne
369 949 497 990 summa
527 925 740 1010 improbitate
776 949 853 992 usus
885 950 952 992 non
990 928 1060 992 sine
1093 951 1220 993 summa
1252 949 1323 992 esse
1341 937 1380 987 66

149 1014 301 1079 ratione?
347 1014 416 1080 Nec
440 1037 516 1080 vero
541 1037 659 1080 scaena
688 1015 795 1080 solum
826 1015 947 1081 referta
976 1022 1027 1081 est
1054 1016 1106 1082 bis
1138 1016 1324 1102 sceleribus,

150 1104 208 1168 sed
239 1103 343 1168 multo
374 1104 443 1169 vita
473 1105 654 1169 communis
691 1127 794 1189 paene
827 1105 1015 1170 maioribus.
1063 1104 1171 1171 Sentit
1208 1106 1323 1170 domus

149 1191 245 1256 unius
269 1192 438 1278 cuiusque,
461 1193 562 1258 sentit
583 1193 706 1279 forum,
729 1194 831 1259 sentit
849 1194 952 1279 curia,
975 1216 1121 1281 campus,
1145 1193 1234 1279 socii,
1252 1216 1325 1278 pro-

102 1301 130 1341 ιο
149 1281 289 1366 vinciae,
312 1286 362 1365 ut,
386 1304 483 1367 quem
506 1282 547 1347 ad
576 1282 709 1347 modum
737 1283 866 1347 ratione
895 1289 984 1349 recte
1013 1285 1085 1369 fiat,
1120 1283 1167 1348 sic
1196 1283 1323 1348 ratione

149 1375 314 1456 peccetur,
338 1372 541 1457 alterumque
565 1376 640 1436 eta
669 1372 782 1456 paucis
813 1376 847 1437 et
876 1395 964 1457 raro,
994 1374 1134 1438 alterum
1164 1377 1198 1437 et
1228 1393 1324 1455 saepe

31 1466 34 1470 '
151 1463 185 1523 et
207 1482 226 1524 a
248 1459 412 1544 plurimis,
444 1464 481 1524 ut
510 1460 614 1525 satius
641 1460 743 1526 fuerit
773 1462 898 1526 nullam
929 1461 1062 1527 omnino
1093 1462 1190 1527 nobis
1222 1484 1242 1525 a
1273 1460 1323 1525 dis

150 1549 392 1614 immortalibus
415 1549 526 1613 datam
549 1571 620 1614 esse
643 1549 805 1615 rationem
828 1572 927 1636 quam
954 1555 1048 1616 tanta
1078 1573 1152 1615 cum
1180 1549 1324 1634 pernicie

151 1638 269 1702 datam.
316 1637 363 1702 Ut
385 1637 498 1701 vinum
520 1638 679 1724 aegrotis,
702 1638 780 1723 quia
802 1639 937 1723 prodest
958 1662 1048 1724 raro,
1077 1643 1175 1704 nocet
1204 1637 1324 1722 saepis·

103 1745 131 1785 1⁵
151 1727 247 1812 sime,
269 1726 386 1791 melius
410 1730 461 1791 est
474 1749 542 1791 non
555 1727 708 1793 adhibere
723 1728 857 1792 omnino
876 1750 974 1812 quam
995 1750 1052 1813 spe
1071 1728 1188 1792 dubiae
1206 1727 1323 1791 salutis

149 1815 186 1879 in
208 1820 355 1898 apertam
369 1815 546 1901 perniciem
560 1815 738 1901 incurrere,
763 1815 810 1881 sic
827 1815 914 1880 haud
932 1817 1000 1882 scio
1025 1839 1067 1881 an
1089 1816 1205 1881 melius
1224 1815 1325 1880 fuerit

149 1904 293 1969 humano
324 1905 437 1991 generi
468 1909 595 1969 motum
627 1905 729 1969 istum
760 1906 897 1970 celerem
928 1905 1149 1991 cogitationis,
1178 1927 1324 1989 acumen,

151 1994 345 2077 sollertiam,
375 2016 474 2078 quam
505 1994 667 2058 rationem
698 2016 868 2080 vocamus,
900 1995 1054 2079 quoniam
1085 1993 1242 2080 pestifera
1274 1996 1325 2058 est

150 2083 278 2167 multia,
312 2083 487 2147 admodum
521 2082 633 2167 paucis
664 2083 842 2168 salutaris,
865 2106 932 2149 non
962 2083 1032 2148 dari
1062 2083 1195 2148 omnino
1226 2105 1323 2167 quam

2 2256 3 2259 Ἴ
103 2189 134 2229 20
150 2176 221 2237 tam
252 2168 405 2236 munifice
437 2176 471 2236 et
506 2176 575 2236 tam
611 2172 702 2258 large
734 2172 813 2236 dari.
861 2171 966 2249 Quam
1003 2173 1045 2237 ob
1077 2194 1147 2237 rem
1177 2172 1206 2236 si
1231 2193 1323 2236 mens
1343 2177 1381 2228 ⁷0

150 2262 367 2345 voluntasque
390 2260 500 2325 divina
522 2260 643 2325 idcirco
667 2261 832 2326 consuluit
855 2261 1056 2347 hominibus,
1086 2260 1173 2347 quod
1202 2260 1243 2325 iis
1274 2265 1325 2325 est

151 2349 272 2437 largita
285 2349 460 2434 rationem,
474 2349 515 2415 iis
531 2349 610 2415 solis
625 2349 804 2433 consuluit,
824 2373 906 2437 quos
926 2351 1012 2416 bona
1030 2350 1157 2416 ratione
1181 2350 1324 2436 donavit,

152 2462 233 2526 quos
255 2439 416 2524 videmus,
449 2438 596 2504 simodo
623 2440 681 2503 ulli
707 2444 798 2523 sunt,
821 2462 891 2506 esse
910 2462 1098 2524 perpaucos.
1122 2438 1200 2504 Non
1216 2440 1325 2525 placet

152 2532 260 2593 autern
288 2529 400 2611 paucis
433 2551 453 2592 a
485 2528 534 2593 dis
566 2528 809 2593 immortalibus
842 2552 912 2594 esse
943 2530 1145 2613 consultum,
1176 2528 1325 2613 sequitur

106 2634 134 2675 2⁵
153 2639 244 2704 ergo,
268 2621 306 2681 ut
327 2616 451 2682 nemini
474 2618 661 2682 consultum
684 2618 736 2681 sit.

240 2705 327 2771 Huic
350 2707 422 2771 loeo
446 2706 494 2771 sic
517 2706 631 2771 soletis
655 2727 837 2771 occurrere:
859 2728 927 2771 non
949 2705 1070 2771 idcirco
1098 2727 1165 2770 non
1188 2709 1322 2790 optume
1342 2703 1388 2769 28

151 2795 247 2860 nobis
270 2818 290 2859 a
312 2795 361 2859 dis
386 2817 456 2860 esse
480 2794 660 2880 provisum,
689 2795 777 2880 quod
804 2795 900 2860 multi
927 2818 1041 2860 eorum
1067 2795 1225 2860 beneficio
1252 2817 1324 2878 per-

152 2887 450 2969 concuterentur,
478 2883 578 2948 etiam
604 2883 813 2968 patrimoniis
841 2884 963 2949 multos
991 2885 1076 2949 male
1103 2883 1166 2968 uti,
1193 2905 1254 2948 nec
1282 2884 1324 2948 ob

190 3065 214 3113 1.
232 3059 332 3128 inpete,
351 3056 462 3114 Atreus.
482 3057 619 3126 Thyestes
631 3057 711 3113 hatte
800 3058 882 3125 coeii,
892 3058 1063 3128 6666166166,
1076 3058 1185 3113 welche
1198 3074 1254 3113 ron
1269 3058 1325 3112 den

152 3130 315 3185 demselben
364 3129 447 3184 einen
491 3128 610 3184 Widder
658 3127 712 3183 mit
765 3128 925 3184 romischon
943 3129 1131 3184 Stattheltern
1154 3129 1199 3184 oft
1219 3129 1250 3183 in
1275 3130 1325 3184 der

152 3200 302 3271 goldenom
327 3199 441 3267 Vliesso‚
469 3217 506 3254 an
531 3200 632 3254 dessen
658 3201 710 3255 Bc·
766 3200 1089 3255 schamlosestenWeise
1103 3202 1324 3271 ausgopltindert

153 3271 222 3327 sitae
254 3272 305 3326 das
338 3272 480 3327 Bestehen
508 3271 599 3326 seincr
626 3271 711 3325 Herr-
765 3272 889 3328 wurdcn.
1433 3277 1436 3282 “

153 3343 392 3413 schaltgelmdpft
400 3360 465 3411 war,
476 3341 712 3398 mitHilfesciner
803 3350 844 3399 12.
863 3349 896 3399 nt
912 3344 1002 3399 satine
1017 3344 1113 3411 fuerit,
1132 3361 1153 3400 s.
1168 3362 1190 3398 z.
1204 3343 1226 3411 1,
1237 3349 1280 3400 69.

153 3415 296 3469 troulosen
315 3413 465 3469 Gemahlin
492 3414 661 3469 ontwendot.
802 3419 844 3469 16,
863 3431 910 3484 spe
927 3415 1154 3481 dnbioesalntis,
1172 3432 1194 3468 s.
1210 3414 1243 3481 ΙΙ,
1254 3420 1287 3469 96
1301 3432 1324 3470 a.

190 3492 214 3541 6.
238 3484 395 3553 Videnerne,
409 3503 429 3540 s.
440 3485 476 3552 II,
493 3491 557 3541 702.
569 3486 713 3541 Videbam.
767 3486 889 3553 fontium
905 3487 1011 3557 pelidae
1023 3487 1216 3555 perennitates.

189 3555 713 3625 ennea-paneemaanonsseheint,
806 3563 847 3612 17.
873 3564 974 3612 motum
1003 3558 1111 3612 eekrem
1143 3556 1324 3626 recitationes

154 3628 191 3681 da
201 3626 287 3682 666116
305 3627 363 3680 und
373 3645 471 3697 poene,
484 3627 537 3681 mit
552 3628 714 3683 demselben
767 3627 870 3695 Motus,
885 3629 993 3697 κίνησις
1006 3627 1045 3681 ist
1055 3627 1101 3682 dic
1115 3626 1326 3682 wosentlichste

153 3697 338 3767 Komparativ
346 3700 513 3768 verbunden,
520 3697 713 3754 einenWider-
767 3698 952 3768 Eigcnschaft
970 3698 1019 3754 (166
1038 3698 1156 3755 Geistes.
1193 3698 1256 3767 Vgl.
1277 3704 1324 3754 71:

154 3771 257 3839 spruch
274 3770 535 3837 entheltenwfirdc,
550 3770 713 3824 eineKfirze
767 3772 827 3825 eine
861 3772 950 3825 animi
992 3776 1068 3826 motn
1101 3776 1127 3826 et
1162 3772 1327 3841 eopitetione

154 3841 204 3895 des
232 3841 411 3896 Auedruckes
438 3841 485 3894 fur
510 3841 595 3896 mnlto
626 3843 714 3912 napis
764 3835 1324 3912 ‘ohnedenkendegeistigeThatigkeit’.

154 3910 280 3982 (referta)
294 3918 319 3966 et
331 3929 420 3981 poene
433 3913 593 3966 meionbna
606 3912 711 3981 Mayor.
767 3910 818 3966 off.
833 3912 929 3981 I,1322
948 3913 1044 3968 Motae
1061 3920 1152 3968 antem
1170 3914 1326 3967 animorum

187 3982 715 4052 connumerunturnonnruk·
769 3984 891 4052 duplices
918 3991 997 4052 cunt,
1030 3986 1111 4039 alteri
1143 3984 1327 4053 aptatione,

154 4053 215 4108 tion
224 4052 384 4123 vergloicht
394 4053 712 4123 Schoem.p.Rosc‚Am.
767 4055 848 4109 alteri
867 4056 1012 4124 appetitae
1055 4055 1096 4108 Dc
1122 4056 1193 4108 orat.
1212 4054 1233 4121 1,
1258 4060 1323 4108 113:

155 4131 203 4180 66:
221 4126 360 4180 Videtisne
373 4132 404 4179 nt
423 4141 467 4179 eos
485 4125 713 4193 apitentFnriae.
767 4127 857 4180 animi
874 4133 954 4195 atque
978 4126 1085 4197 nepenii
1109 4126 1204 4179 celeres
1227 4130 1326 4180 motne.

191 4202 216 4252 9.
235 4212 357 4267 camno,
377 4196 427 4250 das
445 4194 580 4249 Marsfeld
603 4196 644 4250 als
663 4195 715 4250 Ort
804 4202 847 4251 20.
872 4198 899 4252 ei
927 4228 961 4237 -
991 4197 1142 4265 6666661611,
1172 4196 1246 4249 nach
1275 4195 1326 4249 der

155 4267 206 4322 der
239 4266 585 4335 Wahlversammlungen‚
621 4268 714 4334 forum
767 4267 887 4322 unsiohc
905 4269 956 4323 der
974 4266 1095 4322 Stoiker.

155 4337 205 4392 der
231 4336 606 4406 Gerichtsverhandlungen,
634 4340 714 4394 anio
804 4345 846 4394 28.
865 4345 1013 4394 nterennn.
1054 4337 1165 4407 Wegen
1186 4338 1237 4392 der
1259 4354 1327 4393 con·

156 4409 207 4463 der
225 4408 482 4479 Sonatssitznngen.
769 4409 877 4464 secutio
896 4413 982 4480 temp.
997 4427 1019 4466 r.
1034 4409 1055 4477 Ι,
1066 4416 1100 4465 39
1114 4428 1136 4463 a.
1150 4411 1271 4479 flnnent.
