3017 4800
443 265 512 320 Lm.
526 265 560 321 Π.
580 265 659 321 cnr.
673 271 720 334 41,
739 271 782 321 42.
802 272 817 333 s
833 271 982 321 106-110.

1238 271 1303 337 155

211 429 296 495 Hoc
320 434 436 513 caput
454 428 517 494 hic
534 430 693 514 paulum
712 450 797 495 sese
816 429 948 494 subito
967 451 1133 514 aequore
1153 431 1302 517 condit,

116 590 118 592 ,
213 518 333 583 Ortus
363 519 429 583 ubi
460 523 577 604 atque
608 519 746 584 obitus
776 522 927 602 partem
959 519 1227 585 admiscentur
1261 521 1301 584 in

119 660 159 725 Id
184 665 294 725 autem
318 665 417 744 caput

979 630 1100 672 Ullam.

210 783 431 871 Attingens
455 785 612 851 defessa
634 787 742 851 velut
765 785 978 850 maerentis
1002 785 1132 873 imago

79 893 100 935 s
211 873 404 959 Vertitur,

120 1021 221 1083 quarn
244 999 375 1083 quidem
400 998 517 1065 Graeci

213 1122 446 1208 Engonasin
468 1124 660 1208 vocitant,
684 1123 848 1209 genibus
872 1123 963 1208 quia
985 1123 1075 1188 nixa
1096 1123 1259 1188 feratur.

215 1211 291 1276 Hic
314 1212 384 1276 illa
407 1213 550 1277 eximio
573 1213 709 1297 posita
732 1217 792 1277 est
815 1212 973 1298 fulgore
997 1210 1156 1277 Corona.

120 1337 233 1421 Atque
251 1335 332 1401 haec
351 1336 482 1421 quidem
500 1360 520 1402 a
538 1341 646 1423 tergo,
668 1341 804 1421 propter
822 1340 921 1421 caput
939 1340 1049 1401 autem
1063 1336 1301 1423 Anguitenens,

70 1481 102 1520 ιο
214 1460 330 1537 Quem
355 1462 462 1525 claro
486 1460 697 1546 perhibent
721 1460 968 1545 Ophiuchum
998 1461 1152 1526 nomine
1177 1460 1298 1526 Graii.
1311 1469 1364 1519 109

211 1548 287 1614 Hic
309 1572 449 1634 pressu
478 1550 626 1634 duplici
657 1550 874 1634 palmarum
903 1550 1081 1614 continet
1111 1548 1299 1635 Anguem,

211 1639 343 1723 Atque
367 1639 450 1703 eius
473 1639 558 1722 ipse
588 1643 719 1703 manet
748 1638 952 1724 religatus
984 1660 1147 1722 corpore
1177 1643 1299 1723 torto,

213 1727 388 1813 Namque
402 1728 528 1791 virum
541 1728 709 1792 medium
728 1750 887 1812 serpens
903 1727 973 1791 sub
987 1731 1148 1810 pectora
1163 1727 1299 1813 cingit.

212 1816 286 1881 Ille
310 1821 438 1881 tamen
459 1816 593 1881 nitens
618 1816 798 1902 graviter
819 1815 992 1901 vestigia
1014 1816 1126 1900 ponit

71 1926 103 1967 rs
213 1904 341 1990 Atque
365 1906 498 1974 oculos
521 1910 638 1991 urget
658 1905 825 1989 pedibus
848 1908 1063 1988 pectusque
1087 1903 1220 1990 Nepai.

123 2028 370 2114 Septentriones
394 2033 504 2093 autem
527 2029 676 2113 sequitur

212 2152 496 2238 Arctophylax,
519 2152 636 2238 vulgo
661 2152 726 2236 qui
750 2151 896 2216 dicitur
920 2174 1005 2216 esse
1027 2151 1185 2237 Bootes,

214 2241 320 2318 Quod
362 2241 473 2326 quasi
515 2241 661 2306 temoni
698 2240 921 2305 adiunctam
961 2263 1052 2325 prae
1094 2264 1133 2306 se
1170 2243 1300 2326 quatit

121 2362 221 2488 Dein,
244 2425 328 2488 quae
351 2406 544 2487 sequuntur:
567 2401 644 2467 huic
666 2401 754 2466 enim
772 2400 872 2467 Booti

72 2534 104 2573 ao
499 2509 633 2574 subter
655 2508 886 2592 praecordia
908 2508 989 2572 fixa
1012 2508 1166 2573 videtur

214 2597 344 2664 Stella
366 2598 512 2663 micans
535 2597 673 2682 radiis,
695 2595 887 2661 Arcturus
910 2596 1065 2662 nomine
1089 2596 1210 2682 clarc,

160 2816 185 2864 1.
204 2810 267 2865 Hoc
289 2814 373 2877 caput
392 2809 462 2862 statt
481 2813 580 2877 eaput,
599 2808 684 2862 wort-

119 2880 183 2935 lich
200 2881 274 2934 nach
289 2880 354 2934 dem
372 2877 582 2934 Griechiscben.
605 2877 684 2933 Arat.

121 2959 171 3007 61:
193 2954 274 3021 κείνη
293 2948 413 3019 κεφαλή.

159 3025 251 3080 subito
291 3038 412 3091 aequore.
462 3019 557 3076 Ablet.
595 3020 684 3076 absol.

121 3096 206 3150 Nach
233 3095 283 3148 der
309 3093 493 3161 Vorstellung
520 3092 571 3146 der
599 3092 685 3145 Alten

122 3166 226 3222 sinken
244 3165 290 3220 die
305 3164 419 3232 sterne,
437 3180 521 3219 wenn
534 3163 575 3217 sie
589 3165 683 3217 unter-

123 3238 227 3309 gehen,
245 3236 276 3290 in
299 3237 350 3289 das
373 3236 459 3289 Meer.
497 3234 524 3288 S.
545 3240 561 3300 5
584 3239 635 3289 105
661 3252 683 3288 z.

121 3325 268 3379 remquam
285 3308 442 3363 occidentes.

160 3388 187 3436 2.
205 3381 270 3447 ubi,
289 3395 336 3432 am
361 3376 513 3431 tullersten
540 3375 683 3430 Horizont.

123 3450 334 3507 Dortmisehen
343 3447 405 3503 sich
414 3448 474 3501 Auf
479 3447 684 3501 -undNieder-

122 3541 214 3593 gang,
233 3523 260 3578 d.
279 3520 307 3574 h.
322 3520 363 3574 sie
386 3520 478 3588 gehen
501 3517 686 3572 unmittelbar

56 3600 59 3606 '
122 3593 290 3649 ineinander
334 3592 419 3660 iiber,
464 3608 518 3644 nur
553 3590 686 3659 getrennt

123 3665 216 3720 durch
231 3664 297 3734 jene
315 3662 404 3718 Linie.

161 3743 187 3789 4.
210 3736 362 3791 maerentis.
387 3735 466 3789 Atat.
489 3738 536 3787 63:
555 3729 687 3802 μογέοντι

124 3803 210 3876 ἀνδρὶ
230 3802 321 3867 ἐοικὸς
336 3808 452 3859 εἴδωλον
466 3831 493 3849 --
503 3805 649 3890 luboranb'.

124 3878 416 4020 suunt:
429 3870 685 4016 treola

124 4021 197 4075 oder
218 4020 411 4090 Iaqenieulue,
434 4016 615 4089 gewbhnlich
638 4034 685 4086 ge-

124 4093 226 4147 deutet
271 4090 313 4145 als
350 4088 490 4144 Herknles
534 4088 589 4143 mit
622 4087 687 4141 dem

124 4163 257 4217 Drachen
274 4161 437 4243 kimpleud.
596 4230 602 4242 ⁹

124 4240 188 4360 a}
201 4230 687 4359 tuttadttttttttth

126 4379 209 4431 setzt.
246 4375 312 4430 Hor.
337 4393 421 4431 carm.
437 4375 471 4442 Il,
488 4381 529 4438 19,
544 4389 571 4429 s:
595 4375 688 4429 beatae

126 4448 255 4517 conlucis
272 4447 398 4502 additum
416 4447 500 4501 stelles
517 4446 651 4500 bonorem

979 2328 1150 2395 Arctum.

1311 2409 1363 2458 110

743 2863 758 2878 ..
793 2804 1233 2877 o.An9uueeees‚gewohn110n
1257 2806 1299 2860 ale

738 2876 866 2947 Askulap
881 2877 1028 2946 gedeutet‚
1044 2877 1102 2943 der,
1117 2893 1173 2930 von
1186 2875 1300 2946 Jupiter

739 2946 830 3001 durch
854 2947 937 3002 einen
955 2946 1029 3001 Blitz
1063 2949 1182 3017 getdtet,
1218 2949 1300 3002 unter

739 3018 786 3073 die
806 3019 905 3073 Sterne
923 3019 1046 3074 versetzt
1063 3018 1167 3074 wurde.

777 3114 819 3163 12.
847 3109 906 3165 eice
932 3106 972 3161 ist
995 3124 1047 3177 per
1074 3106 1213 3177 synizesin
1241 3107 1300 3162 ein·

738 3177 834 3249 silbig.
852 3179 1016 3233 Lachmann
1033 3198 1056 3233 z.
1070 3179 1150 3233 Luer.
1165 3178 1186 3247 Ι,
1198 3185 1258 3234 149.

775 3274 817 3324 15.
828 3268 923 3339 Nepet·
935 3295 962 3313 =
975 3268 1081 3339 Nepae,
1091 3268 1141 3323 der
1152 3267 1300 3339 Skorpion.

775 3363 817 3414 17.
836 3358 1034 3430 Arctophylac,
1062 3358 1112 3411 der
1130 3356 1221 3411 Hiiter
1250 3356 1300 3411 dee

739 3429 848 3499 grossen
867 3428 966 3484 Baren.
986 3427 1191 3498 Urspriinglich
1204 3427 1301 3482 wurde

739 3501 790 3554 das
809 3517 898 3569 ganze
922 3498 1068 3554 Sternbild
1090 3500 1229 3554 Arcturus
1250 3514 1299 3567 ge-

738 3574 836 3640 nennt
856 3573 951 3640 spelter
968 3588 1022 3623 nur
1035 3570 1086 3624 der
1099 3569 1203 3624 bellete
1218 3569 1302 3625 Stern

737 3641 769 3695 in
788 3636 976 3696 demeelben.'

775 3714 887 3781 Bootes,
913 3711 979 3766 weil
1002 3712 1077 3766 nach
1102 3711 1153 3765 der
1177 3713 1303 3768 anderen

739 3784 923 3853 Vorstellung
938 3782 1019 3851 jenes
1039 3782 1182 3838 Sternbild
1204 3783 1303 3839 sieben

740 3854 852 3910 Ochsen
860 3854 998 3911 daretellt.
1009 3854 1114 3920 &5106
1121 3873 1143 3908 z.
1149 3854 1301 3927 Cynosura.

778 3951 819 4000 19.
848 3944 937 4011 Dein,
956 3960 1025 4012 quoe
1051 3950 1203 4012 sequuntur
1231 3938 1302 3996 ‘und

740 4016 843 4085 semer,
856 4015 915 4069 und
925 4009 1040 4082 weiter’‚
1059 4014 1140 4068 dient
1151 4012 1204 4067 wie
1214 4014 1303 4067 unten

742 4089 825 4155 Tum,
846 4103 915 4156 quae
937 4091 1088 4155 sequuntur
1105 4102 1154 4138 zur
1171 4083 1302 4138 Fortfdh-

740 4176 813 4227 rung
831 4158 881 4212 der
898 4157 1090 4225 Darstellung.

777 4234 820 4286 21.
852 4230 962 4284 nomine
993 4230 1081 4295 claro,
1109 4224 1301 4306 vielgenannt,

741 4299 808 4359 weil
824 4316 891 4354 man
914 4299 979 4354 dem
996 4301 1134 4353 Arcturus
1152 4312 1236 4350 emen
1253 4295 1302 4350 be·

742 4375 881 4428 conderen
895 4368 1007 4424 ninfluss
1022 4368 1073 4423 auf
1084 4367 1130 4423 die
1137 4366 1304 4438 Witterung

741 4441 896 4498 zusehrieb.
