3017 4800
202 208 247 274 84
589 199 995 256 nsulruannsoaun.

201 368 346 453 hastam,
374 366 526 451 clipeum,
553 364 728 450 fuscinam,
751 363 889 448 fulmen,
913 368 947 428 et
969 363 1011 448 si,
1034 362 1180 428 actiones
1205 384 1289 447 quae
1313 361 1385 427 sint

203 458 351 542 deorum,
377 478 445 520 non
471 454 595 538 vident,
622 454 706 518 nihil
734 458 886 540 agentem
913 457 1025 517 tamen
1047 451 1144 516 deum
1166 472 1234 516 non
1258 455 1385 536 queunt

203 546 359 633 cogitare,
404 544 487 629 Ipsi,
518 543 574 628 qui
600 543 792 627 irridentur,
819 540 977 628 Aegyptii
1004 541 1129 605 nullam
1156 540 1289 604 beluam
1316 539 1385 604 nisi

204 635 247 700 ob
274 634 418 718 aliquam
440 632 632 717 utilitatem,
661 648 759 717 quam
782 654 822 696 ex
845 653 882 695 ea
906 633 1072 715 caperent,
1095 632 1385 714 consecraverunt,

203 723 294 789 velut
316 722 386 787 ibes
409 721 585 786 maximam
605 721 673 786 vim
692 719 893 805 serpentium
912 719 1102 804 conficiunt,
1126 740 1200 783 cum
1219 717 1288 782 sint
1306 739 1385 782 aves
1406 736 1423 779 5

203 812 363 897 excelsae,
386 809 535 876 cruribus
557 810 687 897 rigidis,
711 831 829 874 corneo
851 830 1051 893 proceroque
1073 811 1197 893 rostro,
1227 811 1386 871 avertunt

202 904 331 986 pestem
353 901 395 964 ab
414 898 581 985 Aegypto,
605 921 679 964 curn
701 899 849 963 volucres
873 918 996 984 angues
1020 919 1060 961 ex
1081 896 1238 961 vastitate
1256 895 1387 980 Libyae

203 994 302 1055 vento
330 987 444 1054 Africo
473 988 619 1053 invectas
647 987 851 1052 interficiunt
880 990 978 1071 atque
1006 989 1216 1070 consumunt,
1249 1007 1289 1049 ex
1318 1006 1386 1069 quo

203 1079 257 1164 fit,
292 1082 330 1143 ut
363 1078 439 1142 illae
470 1099 531 1141 nec
561 1098 673 1142 morsu
704 1075 797 1141 vivae
828 1078 968 1140 noceant
999 1097 1060 1139 nec
1092 1074 1190 1140 odore
1221 1077 1386 1138 mortuae.

204 1166 345 1233 Possum
363 1166 402 1231 de
420 1165 673 1230 ichneumonum
691 1164 847 1249 utilitate,
865 1164 904 1229 de
923 1163 1169 1249 crocodilorum,
1188 1162 1227 1227 de
1245 1162 1387 1227 faelium
1408 1182 1439 1223 ro

204 1256 325 1341 dicere,
348 1255 404 1320 sed
426 1254 503 1319 nolo
527 1277 598 1320 esse
620 1255 749 1340 longus
789 1253 843 1318 Ita
866 1253 1069 1337 concludam,
1092 1256 1203 1317 tamen
1226 1251 1342 1316 beluas
1366 1273 1388 1315 a

204 1344 354 1408 barbaris
386 1348 521 1428 propter
552 1343 746 1408 beneficium
779 1345 998 1426 consecratas,
1029 1346 1214 1406 vestrorum
1246 1340 1388 1405 deorum

203 1454 272 1497 non
299 1433 395 1518 modo
423 1432 616 1497 beneficium
638 1431 767 1496 nullum
789 1435 930 1517 exstare,
959 1430 1078 1495 sedne
1101 1429 1227 1495 factum
1250 1428 1388 1514 quidem

143 1533 196 1582 102
206 1521 348 1587 omnino.
385 1520 479 1586 Nihil
497 1520 606 1606 habet,
625 1521 744 1606 inquit,
761 1518 896 1606 negotii.
933 1518 1086 1584 Profecto
1104 1518 1267 1603 Epicurus
1288 1517 1388 1603 qnasi

143 1612 185 1677 37
203 1610 298 1696 pueri
321 1610 452 1675 delicati
471 1609 555 1674 nihil
574 1609 756 1675 cessatione
774 1607 891 1673 melius
911 1608 1086 1673 existimat.
1122 1606 1170 1672 At
1187 1607 1252 1692 ipsi
1271 1611 1389 1671 tamen
1409 1628 1438 1670 rs

204 1699 313 1785 pueri,
349 1699 449 1764 etiam
484 1721 558 1763 cum
590 1702 733 1782 cessant,
770 1697 1002 1762 exercitatione
1034 1697 1143 1782 aliqua
1173 1695 1300 1760 ludicra
1331 1695 1389 1761 de·

168 1852 172 1855 ,
207 1789 384 1873 lectantu13
408 1788 504 1852 deum
523 1787 571 1852 sic
588 1786 743 1852 feriatum
761 1786 912 1851 volumus
932 1786 1113 1851 cessatione
1128 1789 1270 1870 torpere,
1287 1788 1334 1869 ut,
1355 1784 1389 1850 si

206 1899 241 1942 se
270 1876 495 1961 commoverit,
518 1898 700 1961 vereamur,
726 1898 768 1940 ne
795 1875 911 1940 beatus
936 1897 1006 1940 esse
1028 1896 1096 1939 non
1116 1873 1246 1959 possit?
1291 1871 1389 1938 Haec

207 1964 313 2030 oratio
343 1986 410 2030 non
439 1965 535 2030 modo
566 1965 643 2029 deos
674 1964 796 2049 spoliat
824 1967 918 2028 motu
948 1967 981 2028 et
1011 1963 1139 2028 actione
1169 1961 1293 2048 divina,
1325 1961 1389 2027 sed

206 2054 308 2119 etiam
329 2052 478 2118 homines
501 2053 623 2118 inertes
647 2052 762 2138 efficit,
785 2051 945 2138 siquidem
969 2073 1069 2138 agens
1093 2051 1217 2137 aliquid
1239 2073 1281 2116 ne
1302 2050 1386 2117 deus
1407 2077 1438 2118 xo

207 2143 338 2228 quidem
362 2164 433 2207 esse
455 2142 571 2207 beatus
593 2145 714 2227 potest.

145 2244 196 2296 103
296 2232 419 2298 Verum
437 2231 482 2296 sit
500 2252 591 2316 sane,
611 2234 650 2295 ut
667 2231 782 2316 vultis,
801 2230 879 2295 deus
899 2229 1026 2316 effigies
1044 2228 1187 2294 hominis
1207 2233 1240 2294 et
1257 2229 1387 2315 imag03

207 2321 294 2407 quod
313 2320 382 2385 eius
401 2323 452 2385 est
469 2319 692 2385 domicilium?
716 2341 799 2405 quae
818 2318 936 2384 sedes?
960 2318 1016 2404 qui
1032 2318 1145 2383 locus?
1170 2340 1253 2405 quae
1268 2317 1387 2383 deinde

245 2466 268 2515 1.
278 2462 312 2530 si,
320 2458 479 2528 konoessiv,
486 2460 540 2514 wie
551 2458 648 2514 oftbei
658 2457 765 2515 Cicero.
819 2456 1032 2529 Vergleichung
1049 2474 1106 2512 von
1123 2459 1210 2512 etwas
1224 2456 1384 2512 Thateteh·

243 2539 269 2588 4.
302 2533 334 2587 ob
366 2532 489 2601 aliquem
520 2532 682 2599 utilitatem,
715 2531 766 2585 das
821 2529 934 2583 liehem,
963 2528 1074 2583 Ebenso
1089 2527 1149 2583 Cat.
1159 2527 1224 2584 Mai.
1236 2534 1283 2583 71:
1302 2530 1387 2598 quasi

207 2602 247 2675 iet
268 2602 349 2657 nieht
371 2603 421 2657 der
439 2601 549 2671 Grund,
575 2602 698 2657 sondern
720 2600 767 2655 die
817 2602 1108 2672 pomeeoeertore'bee,
1123 2600 1387 2668 credetiseatmie

208 2675 337 2744 Agypter
354 2672 505 2728 verehrten
523 2673 570 2727 die
589 2672 683 2740 Tiere,
706 2671 768 2725 weil
822 2673 988 2740 evellentur,
1007 2672 1032 2725 st
1049 2677 1161 2726 metare
1175 2677 1200 2726 et
1214 2678 1297 2740 cocta,
1311 2672 1385 2727 deci·

209 2743 250 2799 sie
278 2741 424 2815 glaubten,
454 2743 511 2798 dall
540 2743 601 2798 sich
625 2743 656 2797 in
680 2744 768 2798 ihnen
823 2745 906 2810 deret,
935 2744 977 2797 sic
1002 2745 1088 2797 eitum
1105 2743 1324 2797 &elucentibus
1341 2743 1386 2798 eie

208 2816 255 2870 die
274 2815 454 2870 unsiehtbare
468 2814 600 2870 Gottheit
617 2814 768 2870 effenbare.
822 2816 915 2883 aufert
928 2815 982 2868 etc.
1010 2812 1046 2866 acl
1060 2813 1126 2867 fam.
1141 2812 1191 2881 IX,
1201 2818 1242 2882 16,
1254 2819 1285 2867 2:
1303 2815 1388 2882 quasi

245 2885 690 2957 esea,storehahnlichevogel.
703 2886 768 2956 Vgl.
822 2902 923 2940 aeuum
941 2885 1016 2956 tyni,
1036 2885 1077 2939 sic
1094 2884 1278 2939 benevolentia
1295 2885 1387 2953 fidelis

207 2957 313 3013 Herod.
328 2958 416 3026 llas.
818 2956 943 3027 periculo
966 2956 1059 3023 atiquo
1078 2956 1202 3026 perspici
1215 2961 1313 3025 potest.
1351 2956 1387 3009 In

246 3036 270 3084 7.
288 3030 409 3084 volenes
426 3044 539 3098 enyeee,
554 3027 601 3082 bei
616 3027 719 3081 Herod.
733 3026 769 3094 ll,
823 3025 1077 3081 demselbenSinne
1086 3025 1175 3080 findet
1186 3024 1248 3079 sich
1257 3025 1387 3095 htufiger

210 3105 257 3155 ’ἴδε
276 3097 413 3166 πτερωτοὶ
430 3094 523 3167 ὄφιες,
541 3097 768 3165 Heuschreelren,
823 3096 1119 3167 tamqeamffglrsrn
1130 3097 1232 3165 Illas:
1245 3103 1387 3168 tamquam

209 3169 313 3225 welche
340 3186 397 3224 von
423 3167 532 3222 Ibissen
559 3169 617 3223 und
646 3169 771 3222 anderen
824 3185 924 3224 menes
941 3184 1026 3238 opere.

209 3240 323 3309 Vogeln
340 3238 371 3293 in
389 3238 491 3309 Menge
511 3238 628 3309 vertilgt
645 3238 770 3294 wurden.
861 3245 903 3295 15.
914 3239 998 3309 pueri
1010 3270 1045 3281 -
1059 3239 1242 3307 delectantem
1260 3242 1340 3296 deum
1351 3273 1387 3283 -

248 3318 289 3366 11.
303 3311 351 3365 Ite
365 3309 770 3379 coaetudem,besehrdnkend,
823 3311 955 3367 colemus.
974 3309 1119 3365 DieSttae
1129 3309 1193 3365 sind
1203 3310 1388 3381 asyndetiech

208 3401 263 3438 nur
281 3382 332 3436 das
351 3379 411 3435 will
428 3379 476 3435 ich
494 3398 557 3434 zum
570 3378 678 3435 Schlnss
695 3381 771 3434 noch
824 3380 1001 3436 hoerdiniert
1036 3380 1089 3435 wie
1129 3382 1310 3451 gewdhnlich
1345 3382 1388 3437 im

209 3453 389 3521 hinzutdgen.
825 3454 1020 3522 argumentum
1039 3470 1054 3506 e
1073 3453 1229 3520 contrario,
1250 3454 1388 3510 wahrend

245 3532 337 3580 tamea
350 3550 377 3569 =
390 3523 494 3589 sedem,
508 3520 771 3593 eigentliehzwenn
825 3523 876 3577 wir
895 3524 950 3577 den
969 3525 1061 3577 ersten
1084 3525 1228 3579 entweder
1256 3525 1386 3579 subordi-

210 3613 260 3650 aus
289 3594 403 3650 keinem
429 3593 553 3648 anderen
578 3592 705 3662 Grunde,
739 3610 770 3648 so
824 3594 930 3663 nieren,
949 3594 1017 3648 eder
1035 3612 1087 3649 uns
1115 3594 1163 3649 bei
1192 3595 1242 3649 der
1265 3594 1387 3651 Kourdi·

210 3666 285 3721 doch
325 3664 505 3735 wenigstens.
561 3664 591 3719 P.
625 3664 684 3721 Mil.
723 3669 770 3719 99:
824 3663 1388 3735 nationkopulativeroderadversativer

209 3737 271 3793 Nee
288 3752 363 3804 uere,
386 3738 412 3791 ei
429 3736 498 3791 mdre'
516 3736 642 3807 eriperes,
664 3737 772 3804 relisae
825 3734 972 3790 Paitikeln
989 3735 1136 3792 bedienen.

209 3814 250 3863 est
289 3808 341 3862 elle
376 3812 467 3862 temere
502 3808 540 3862 ed
576 3808 772 3862 consulendum
860 3812 893 3873 ἐς
909 3813 1057 3861 103-114.
1089 3806 1386 3865 DieUnhaltbar-

210 3879 338 3949 querella.
381 3876 444 3932 Wie
477 3883 548 3943 §81
581 3880 663 3933 amm
695 3878 773 3932 steht
825 3877 901 3932 keit
919 3878 980 3931 der
1003 3877 1279 3934 Bildertheorie
1303 3880 1387 3951 api-

210 3957 302 4005 temen
321 3965 366 4002 am
385 3948 498 4019 Anfeng
516 3949 566 4004 des
585 3948 694 4018 Satzes,
721 3965 769 4003 en·
823 3948 904 4003 leurs
922 3947 1007 4002 wird
1025 3950 1297 4020 nachgewiesen
1316 3952 1388 4007 und

212 4022 295 4087 stntt,
314 4019 368 4074 wie
390 4036 456 4073 man
475 4022 635 4088 eruar-tete,
655 4018 717 4074 sich
734 4037 772 4074 an
825 4019 987 4089 zugleich
1024 4019 1078 4074 die
1122 4020 1273 4076 Ansicht
1314 4023 1388 4078 des·

213 4092 264 4146 das
292 4091 409 4146 betonte
431 4090 516 4145 Wert
540 4089 771 4147 anzuschliessenr
827 4091 952 4147 selben
975 4106 1042 4145 von
1070 4091 1132 4145 der
1158 4091 1387 4165 Gldekselig·

208 4163 772 4233 propterteneficiemtameueoasecratee.
826 4161 903 4216 keit
942 4161 1007 4216 und
1050 4161 1228 4233 Ewigkeit
1271 4164 1389 4220 seiner

251 4233 772 4307 14.habetfdrhetent,wie§tl:e9it.
827 4231 1165 4304 Gdtterwiderlegt.

248 4300 773 4376 tnqett‘sagtman,heisstes’,wiclll,90.
864 4310 906 4360 22.
921 4305 1019 4375 effiyies
1037 4311 1062 4360 et
1079 4306 1170 4377 tmepo
1185 4300 1248 4360 ‘das
1264 4305 1389 4361 leibhaf·

246 4377 344 4446 quest,
376 4376 468 4432 selten
502 4376 548 4432 fdr
582 4385 614 4434 et
644 4376 693 4433 bei
724 4378 775 4433 der
828 4375 888 4447 tige
906 4371 1063 4431 Ebenbild'.
