3017 4800
202 248 246 316 24
582 244 631 299 on
651 243 807 299 urruns
824 243 987 299 seusun

203 408 303 474 etism
342 412 375 473 et
416 408 555 473 societas
598 408 727 495 generis
759 407 896 473 humani
936 412 969 472 et
1007 429 1072 472 une
1104 405 1380 493 excellentissime
1418 400 1422 407 ’

202 497 321 583 virtus,
350 497 493 583 iustitia,
523 497 669 563 tolletur.
716 495 801 562 Sunt
832 501 943 561 nutem
972 496 1029 560 elii
1058 494 1260 580 philosophi,
1290 499 1324 559 et
1353 494 1379 558 ii

203 586 334 672 quidem
357 586 469 673 magni
487 590 586 671 atque
608 586 749 671 nobiles,
773 585 830 671 qui
852 586 987 651 deorum
1006 589 1115 650 mente
1134 588 1232 670 etque
1250 583 1379 649 ratione

203 697 334 741 omnem
362 675 521 740 mundum
550 675 773 740 administrari
803 679 837 740 et
866 674 937 761 regi
967 678 1133 758 censeant,
1165 694 1271 759 neque
1300 694 1378 754 vero

202 764 236 828 id
259 765 380 849 solum,
403 764 460 829 sed
483 764 583 829 etiam
606 765 647 829 ab
670 764 775 829 isdem
797 763 968 829 hominum
990 763 1077 828 ritae
1101 762 1227 829 consuli
1250 767 1284 827 et
1301 783 1378 846 pro·
1395 776 1413 826 's
1496 766 1499 885 ι

202 853 318 939 rideri3
341 876 417 918 nam
441 858 475 918 et
496 852 609 940 fruges
632 857 665 918 et
687 853 830 938 reliqua,
858 875 940 938 quae
963 856 1052 917 terre
1080 851 1202 937 periet,
1231 856 1265 916 et
1295 855 1378 916 tem-

202 947 347 1026 pestates
372 965 409 1008 eo
432 946 617 1027 temporum
640 942 817 1008 varietates
845 941 990 1027 caelique
1017 941 1231 1025 mutationeS,
1259 936 1378 1025 quihus

203 1031 326 1117 omnia,
350 1054 431 1116 quae
454 1036 542 1096 terre
570 1032 698 1118 gignet,
726 1035 891 1096 maturata
913 1030 1106 1116 pubescant,
1129 1053 1148 1095 a
1171 1030 1221 1094 dis
1244 1029 1377 1094 immor·
1497 1034 1498 1045 ¹

204 1120 325 1186 talibus
349 1120 452 1186 tribui
475 1121 587 1206 generi
613 1121 757 1186 humano
776 1124 896 1205 putent
918 1120 1099 1205 multaque,
1123 1141 1206 1205 quae
1229 1118 1380 1184 dicentur

203 1210 239 1274 in
259 1209 312 1275 his
336 1209 443 1295 libris,
467 1209 643 1296 colligunt,
667 1232 750 1295 quse
774 1209 854 1274 telin
884 1213 975 1294 sunt,
1004 1213 1043 1273 ut
1073 1231 1111 1274 ee
1141 1209 1214 1293 ipsa
1243 1207 1292 1276 dii
1319 1207 1379 1272 im·
1398 1230 1427 1271 10

203 1299 360 1364 mortales
379 1298 420 1363 ed
438 1321 534 1363 usum
551 1297 723 1364 hominum
745 1298 899 1363 fabricati
916 1320 1019 1383 paene
1039 1298 1218 1364 videantur.
1240 1294 1380 1375 'Contra

204 1409 287 1473 quos
312 1384 493 1453 Carneades
516 1388 565 1452 ite
588 1388 692 1452 mults
711 1387 878 1473 disseruit,
901 1391 939 1452 ut
963 1386 1121 1452 excitaret
1138 1385 1288 1452 homines
1310 1406 1380 1450 non

169 1476 356 1542 tsoeordes
386 1476 427 1541 ad
456 1476 525 1542 veri
554 1476 774 1563 investigandi
805 1476 1027 1561 cupiditatem.
1075 1475 1142 1541 Res
1172 1475 1259 1540 enim
1288 1474 1380 1539 nulle

205 1570 268 1650 est,
291 1566 330 1630 de
354 1588 418 1651 qun
441 1569 534 1631 tento
564 1587 660 1650 opere
687 1587 755 1631 non
778 1566 884 1631 solum
907 1565 1047 1651 indocti,
1071 1566 1127 1630 sed
1159 1565 1258 1629 etiam
1291 1562 1386 1628 docti

204 1653 413 1739 dissentient3
441 1676 581 1739 quorum
610 1655 780 1739 opiniones
811 1676 885 1719 eum
915 1659 984 1719 tem
1010 1655 1119 1720 verine
1149 1653 1216 1719 sint
1246 1655 1379 1738 tamque
1399 1675 1426 1717 rs

203 1743 290 1808 inter
313 1766 348 1809 se
372 1743 580 1828 dissidentem
603 1744 744 1809 alterum
771 1743 844 1809 fieri
871 1743 1019 1828 profesto
1046 1747 1171 1828 potest,
1202 1746 1240 1807 ut
1268 1763 1380 1807 earum

166 1832 310 1918 3nulla,
334 1833 474 1897 alterum
498 1836 585 1898 certe
608 1855 675 1898 non
697 1837 823 1918 potest,
849 1838 888 1897 ut
909 1834 984 1918 plus
1015 1853 1179 1898 unsvers
1209 1832 1262 1897 sit.
1308 1829 1381 1907 Qus.

204 2004 765 2076 noehsehlimmerist‚diemensohliohe
820 2008 950 2064 disseruit
973 2024 1006 2061 zu
1029 2006 1197 2076 rerbinden‚
1223 2006 1309 2071 nieht
1326 2005 1381 2060 mit

205 2076 417 2132 Gemeinseheft
435 2078 493 2132 und
515 2077 561 2133 die
582 2078 765 2148 Grundlngen
819 2081 914 2134 multa.
929 2076 1279 2147 DisselbeWortstellung
1293 2077 1380 2132 nech-

206 2148 366 2219 derselben,
378 2149 425 2204 die
433 2149 523 2218 Treue
532 2149 590 2204 und
600 2149 766 2220 Gereehtig-
820 2150 872 2206 her
885 2156 955 2217 §232
974 2151 1016 2206 ita
1029 2151 1118 2206 multa
1130 2155 1196 2206 sunt
1209 2149 1381 2205 incornmoda

205 2219 278 2288 keil,
309 2220 422 2275 werden
445 2220 574 2291 ganzlich
597 2220 771 2277 verniehtet.‘
819 2223 852 2277 in
868 2223 967 2277 rita=
980 2222 1068 2277 multa
1085 2228 1151 2277 euru
1164 2222 1335 2277 incommoda
1348 2222 1381 2275 in

205 2290 274 2345 Wss
289 2289 386 2347 Cicero
404 2293 439 2346 de
462 2291 506 2347 off.
522 2292 541 2363 l,
557 2298 591 2347 ‘20
611 2291 642 2347 in
659 2292 766 2349 diesem
819 2293 878 2349 uita
891 2293 940 2348 ita.
967 2293 1003 2346 ad
1021 2293 1081 2348 Att.
1095 2292 1141 2361 Vl,
1155 2297 1179 2362 2,
1192 2298 1222 2347 8:
1240 2293 1379 2348 inclusum

206 2361 410 2419 Sinneronder
421 2364 488 2433 fides
495 2363 553 2419 und
568 2365 677 2421 iustitia
688 2366 766 2435 segt:
820 2369 945 2421 sumtum
964 2365 1119 2421 tabuerunt
1136 2363 1320 2421 Salaminium
1338 2365 1380 2420 ita

205 2451 262 2505 qua
275 2433 406 2505 (iustitie)
416 2436 529 2492 sannas
541 2437 682 2493 hommum
693 2439 767 2493 inter
819 2437 919 2492 multas
936 2437 1007 2504 dies,
1028 2442 1060 2492 ut
1077 2437 1234 2492 intenderint
1250 2435 1382 2491 nonnulli

205 2522 234 2561 se
256 2511 280 2561 et
302 2507 374 2562 citae
396 2508 477 2575 quast
499 2509 680 2563 communitas
702 2524 765 2565 eon-
819 2508 899 2575 fame.
927 2507 993 2561 Men
1008 2509 1140 2562 erwsrtet
1157 2509 1256 2564 multos
1269 2508 1327 2563 dies
1339 2507 1381 2562 ita

206 2578 323 2645 tinctur,
350 2576 419 2631 mun
446 2594 511 2633 men
543 2578 698 2650 ellerdings
729 2596 766 2634 en
821 2578 1267 2650 etc.Verr.lI,8:maatstratrmm
1276 2584 1381 2633 nostro·

206 2664 323 2704 unserer
342 2648 430 2704 Stelle
448 2649 529 2703 mehr
547 2652 666 2706 straten.
820 2666 885 2706 rum
894 2651 1018 2706 iniurias
1031 2651 1073 2705 r’ta
1086 2651 1234 2706 multorum
1247 2650 1379 2717 tulerunt,

244 2726 267 2775 1.
277 2736 337 2775 una
351 2721 680 2779 encellmtissimaairtus.
699 2722 764 2793 Vgl.
820 2728 852 2777 ut
873 2738 1017 2791 nunquam
1039 2723 1077 2777 ad
1105 2738 1184 2776 aram
1207 2722 1294 2793 lesum
1317 2736 1380 2777 con·

207 2791 243 2846 de
258 2790 303 2846 off.
313 2791 361 2860 111,
373 2797 421 2847 28:
439 2793 506 2849 laec
519 2794 592 2849 enim
604 2811 663 2850 una
676 2795 767 2851 uirtus
819 2794 952 2863 superent.
968 2793 1035 2847 Tse.
1049 2792 1141 2847 Germ.
1152 2798 1192 2861 16,
1202 2807 1228 2848 er
1247 2793 1381 2862 quaedam

206 2863 328 2919 amnium
347 2868 385 2919 est
408 2864 521 2920 domina
544 2870 569 2921 et
591 2868 688 2937 rapina
709 2868 765 2923 air·
820 2865 880 2920 loca
902 2864 1063 2935 dillaenttus
1094 2866 1210 2920 ullinunt
1241 2871 1315 2919 terra
1339 2865 1381 2919 ita

206 2938 304 2990 tutum.
816 2951 894 3005 pura
912 2951 946 2990 aa
959 2936 1128 3006 splendente,
1146 2942 1178 2991 ut
1187 2936 1328 3006 picturam
1347 2950 1381 2989 aa

242 3010 267 3059 2.
295 3006 348 3060 alii
369 3006 539 3075 ptrlosoplri,
569 3005 614 3061 die
643 3006 766 3064 Stoiker.
820 3008 985 3062 lineamenta
1017 3007 1136 3062 colorum
1167 3007 1303 3074 imitetur,
1336 3022 1380 3060 wo

207 3074 305 3130 Cicero
323 3078 412 3131 neunt
430 3075 471 3131 sie
485 3078 589 3132 nobiles
601 3077 641 3131 im
656 3078 766 3149 Gegen-
820 3077 867 3133 die
893 3077 1090 3147 Hereusgeber
1117 3078 1159 3133 ita
1185 3077 1257 3132 ohne
1284 3077 1381 3132 Grund

207 3149 267 3201 sutz
279 3146 412 3201 zudeuE
434 3147 577 3214 ikureern‚
597 3149 652 3203 den
662 3150 767 3220 plebeis
820 3147 974 3203 umstellen
991 3148 1116 3203 wollten.

203 3218 401 3289 pttlosoptr's(
428 3235 485 3273 use.
500 3219 522 3288 1,
533 3220 586 3288 tt).
858 3225 899 3273 14.
924 3220 1029 3275 indocti
1054 3250 1088 3260 -
1114 3220 1201 3288 asar,
1228 3220 1311 3275 daftir
1331 3225 1380 3274 44:

246 3296 269 3345 l.
312 3296 362 3344 tem
435 3306 462 3344 m
506 3292 664 3358 sanantes,
717 3290 768 3345 der
821 3291 945 3346 indoctos
963 3320 997 3331 -
1011 3292 1195 3362 philosophos.

207 3359 342 3415 Weehsel
372 3377 401 3415 er
410 3359 617 3431 laurencius,
632 3362 766 3416 wthrend
859 3366 900 3416 16.
912 3362 1037 3431 profecto
1051 3360 1089 3416 ist
1102 3378 1239 3432 synonym
1252 3363 1306 3418 mit
1317 3363 1381 3416 dem

208 3432 298 3486 durch
325 3433 395 3488 eceli
425 3433 589 3488 mutationes
620 3431 666 3487 die
698 3433 768 3488 Ver·
821 3431 975 3503 folgenden
1003 3439 1084 3501 certe,
1113 3449 1144 3489 so
1169 3433 1287 3503 jedoeh,
1323 3432 1380 3488 dell

207 3503 390 3573 {tnderungen
404 3520 450 3557 um
463 3502 587 3559 Himmel
600 3503 767 3560 bezeichnet
816 3506 940 3575 profecto
977 3504 1032 3560 den
1064 3505 1275 3571 schwtlcheren‚
1313 3512 1382 3561 certe

207 3575 329 3643 werden,
344 3573 451 3629 welche
462 3574 551 3629 durch
565 3574 611 3630 die
620 3574 767 3646 ttgliehen
822 3575 878 3630 den
912 3575 1057 3631 sttrkeren
1091 3575 1167 3629 Grad
1207 3575 1382 3646 subjektiver

208 3644 407 3715 Bewegungen
434 3645 485 3700 der
512 3645 642 3701 Gestirne
670 3663 767 3702 rerur-
822 3642 1381 3702 Gewillheitbezeichnetz‘sioherliah-

209 3717 290 3771 sucht
308 3716 428 3772 werden.
823 3714 1025 3773 enteehieden'.
1067 3717 1148 3774 Tusc.
1171 3719 1192 3788 1,
1210 3725 1239 3777 2:
1265 3735 1308 3774 res
1334 3720 1381 3775 do-

244 3793 269 3843 8.
284 3794 424 3843 maturata
435 3791 597 3858 madescant,
616 3788 767 3859 einhyste-
821 3790 947 3845 nesticae
968 3805 1019 3845 nos
1037 3791 1191 3860 profacto
1216 3791 1313 3846 melius
1337 3796 1380 3846 tu·

208 3875 260 3915 ron
269 3861 409 3929 proteron,
421 3859 502 3913 deftr
512 3859 610 3928 nno:
615 3862 769 3930 putescant
822 3878 912 3929 emur,
943 3876 999 3916 rem
1032 3878 1093 3918 cera
1119 3863 1263 3932 publicam
1293 3863 1382 3918 nostru¹
1497 3893 1498 3918 1

209 3931 446 4001 maturitatemque
464 3931 516 3987 ads
584 3938 660 3988 ntur.
821 3933 939 3988 maiores
961 3938 1048 3988 certe
1072 3934 1229 3989 melioribus
1251 3939 1381 4004 tempera·
1497 3943 1498 3990 l

247 4007 289 4058 10.
307 4003 339 4057 tn
355 4003 398 4058 his
416 4003 677 4073 tttrusl,1srflg.
821 4007 920 4060 uerunt
937 4005 1049 4073 lapibus.
1497 4003 1498 4008 ’

246 4080 288 4129 11.
305 4074 439 4142 fabricati
447 4091 544 4200 mend
559 4074 605 4129 die
619 4073 768 4146 Metepher
859 4081 900 4130 17.
926 4075 987 4157 Qua
1009 4077 1117 4159 quidem
1139 4077 1171 4130 tn
1194 4091 1287 4131 causa.
1327 4074 1381 4130 Die

546 4162 591 4200 em
613 4145 768 4201 bildenden
822 4144 1003 4216 Prtpoeltion
1033 4164 1066 4202 rn
1097 4163 1120 4202 e.
1145 4146 1240 4202 Ablat.
1268 4146 1383 4203 vertritt

208 4217 355 4284 Ktinstle13
380 4216 436 4287 vgl.
455 4222 502 4273 20:
525 4218 660 4274 mundum
682 4234 768 4274 manu
821 4216 902 4273 nieht
948 4217 1039 4272 selten
1082 4217 1129 4272 die
1173 4216 1260 4273 Stelle
1304 4217 1381 4273 eines

203 4305 293 4362 paene
309 4290 422 4357 factum.
842 4287 1022 4359 artieipielen
1041 4288 1110 4344 oder
1122 4287 1382 4357 konjunktionelen

245 4365 286 4413 12.
307 4360 475 4429 Carneades,
495 4377 516 4416 s.
531 4359 604 4419 Einl.
620 4366 688 4428 §20-
851 4359 1027 4428 ehensutzes,
1046 4358 1109 4413 hier
1122 4386 1149 4405 =
1162 4376 1245 4429 auam
1272 4362 1381 4430 quidm

244 4432 286 4486 ita
310 4431 397 4487 multa
421 4434 557 4489 disseruit.
587 4434 636 4488 Ita
654 4432 693 4487 ist
714 4430 768 4488 mit
823 4446 935 4487 eausam
952 4437 1108 4487 tractantes.

208 4144 247 4201 ist
265 4161 433 4215 genommen
450 4162 507 4200 von
