3017 4800
463 232 780 304 marchuuart.
800 240 946 302 see-ee.
1250 241 1291 306 79

109 399 240 464 luberet
268 400 305 463 in
334 398 466 464 homine
497 421 568 465 esse
590 398 741 464 Romano
771 403 900 464 tantam
928 399 1113 487 scientiam,
1141 422 1245 486 usque
1273 423 1293 465 a

110 487 214 553 Thale
247 488 377 554 Milesio
410 489 449 553 de
481 489 616 554 deorum
647 493 767 554 natura
797 488 1069 575 philosophorum
1101 489 1291 555 sententias.

112 577 278 644 Omnesne
301 577 364 643 tibi
387 578 437 642 illi
460 578 597 644 delirare
619 578 683 644 visi
704 582 795 663 sunt,
818 577 875 663 qui
894 578 965 644 sine
983 578 1134 644 manibus
1154 583 1188 644 et
1205 578 1293 663 pedi·
1310 591 1344 644 92

111 668 174 732 bus
205 671 356 732 constare
383 667 480 732 deum
506 689 604 753 posse
632 667 856 733 decreverint?
906 667 957 733 Ne
984 666 1048 733 hoc
1075 668 1207 753 quidem
1233 690 1292 733 vos

81 761 224 822 emovet
248 756 505 843 considerantes,
530 779 614 842 quae
632 757 677 823 sit
694 756 823 822 utilitas
843 779 990 843 quaeque
1009 757 1239 841 opportunitas
1257 757 1293 822 in

111 845 247 912 homine
272 846 507 931 membrorum,
535 851 573 912 ut
595 846 746 911 iudicetis
771 846 926 911 membris
949 844 1102 912 humanis
1125 847 1203 912 deos
1225 868 1294 912 non

112 935 233 1022 egere?
271 934 356 1011 Quid
375 936 463 1000 enim
480 935 618 1020 pedibus
638 957 720 1020 opus
739 940 791 1000 est
809 935 880 1001 sine
897 936 1070 1021 ingressu?
1093 935 1172 1021 quid
1190 935 1293 1000 mani·

112 1025 189 1109 bus,
213 1024 243 1090 si
263 1024 347 1090 nihil
370 1025 709 1109 comprehendendum
732 1025 805 1090 est?
835 1024 915 1110 quid
936 1025 1063 1110 reliqua
1081 1024 1293 1111 discriptione

113 1115 263 1180 omnium
281 1114 428 1198 corporis
446 1114 605 1199 partium,
626 1114 662 1179 in
680 1136 746 1199 qua
763 1113 848 1178 nihil
865 1114 976 1198 inane,
995 1114 1080 1179 nihil
1098 1115 1168 1180 sine
1187 1136 1293 1199 causa,

67 1220 94 1261 10
111 1203 199 1268 nihil
222 1225 497 1288 supervacaneum
520 1203 594 1269 est?
639 1202 757 1289 Itaque
779 1203 870 1268 nulla
893 1226 946 1268 ars
969 1202 1094 1269 imitari
1112 1203 1294 1269 sollertiam

111 1297 251 1358 naturae
273 1297 392 1377 potest.
433 1292 579 1358 Habebit
600 1293 704 1380 igitur
726 1292 875 1380 linguam
897 1293 976 1358 deus
996 1297 1029 1358 et
1046 1314 1114 1358 non
1132 1294 1294 1378 loquetur,

113 1382 243 1468 dentes,
260 1383 417 1468 palatum,
434 1381 545 1448 fauces
563 1382 690 1448 nullum
709 1382 750 1448 ad
767 1404 873 1467 usum,
892 1404 1039 1468 quaeque
1057 1381 1294 1467 procreationis

113 1494 215 1537 causa
242 1476 362 1537 natura
390 1471 521 1557 corpori
549 1471 701 1557 adfinxit,
731 1494 770 1537 ea
796 1471 922 1538 frustra
948 1470 1084 1536 habebit
1113 1472 1206 1556 deus,
1234 1492 1295 1536 nec

113 1565 251 1626 externa
278 1560 384 1647 magis
412 1583 511 1646 quam
538 1560 710 1644 interiora,
738 1583 807 1646 cor,
834 1561 1020 1646 pulmones,
1046 1560 1150 1645 iecur,
1177 1564 1295 1644 cetera,

69 1671 95 1713 re
114 1673 200 1735 quae
219 1650 366 1715 detracta
388 1650 534 1715 utilitate
557 1650 636 1735 quid
652 1650 778 1715 habent
795 1648 1001 1715 venustatis?
1034 1648 1295 1735 quandoquidem

113 1739 197 1804 haec
220 1762 291 1805 esse
313 1739 350 1804 in
372 1740 431 1804 deo
454 1744 590 1824 propter
611 1738 890 1824 pulchritudinem
908 1739 1016 1804 vultis.
1058 1737 1179 1804 Istisne
1197 1738 1295 1803 fiden-
1314 1750 1348 1801 93

113 1832 166 1893 tes
191 1828 328 1894 somniis
351 1851 420 1893 non
442 1829 540 1894 modo
559 1828 722 1913 Epicurus
743 1833 778 1894 et
796 1827 1003 1894 Metrodorus
1022 1832 1056 1893 et
1072 1827 1294 1893 Hermarchus

114 1922 232 1983 contra
261 1917 499 2004 Pythagoram,
529 1917 700 1983 Platonem
723 1917 1020 2004 Empedoclemque
1047 1917 1211 2002 dixerunt,
1238 1916 1296 1982 sed

114 2006 326 2072 meretricula
362 2007 462 2072 etiarn
493 2005 669 2072 Leontium
706 2012 822 2074 contra
853 2006 1116 2092 Theophrastum
1153 2006 1295 2073 scribere

67 2121 95 2162 ac
115 2118 198 2161 ausa
227 2095 300 2162 est?
337 2097 422 2162 scito
452 2097 510 2161 illa
537 2096 668 2181 quidem
696 2118 845 2163 sermone
873 2101 907 2162 et
934 2097 1063 2182 Attico,
1092 2096 1149 2161 sed
1176 2101 1296 2161 tamen.

114 2184 261 2251 Tantum
289 2185 426 2271 Epicuri
456 2185 573 2250 hortus
605 2185 723 2252 habuit
753 2186 915 2253 licentiae.
967 2185 1015 2251 Et
1045 2185 1159 2251 soletis
1190 2184 1296 2270 queri,

115 2273 205 2341 Zeno
234 2274 365 2360 quidem
392 2275 493 2341 etiam
517 2274 680 2362 litigabat.
727 2273 813 2350 Quid
836 2275 942 2341 dicam
965 2274 1163 2341 Albucium?
1209 2272 1295 2340 Nam

153 2510 180 2561 8.
199 2504 390 2573 discriptione,
408 2522 431 2560 s.
450 2523 473 2560 z.
487 2510 556 2571 §ab
771 2511 814 2561 20.
829 2506 929 2562 Attico.
958 2505 1034 2561 Orat
1049 2511 1096 2561 90:
1117 2504 1296 2574 quteque‘deet
1406 2557 1409 2562 ⁴

156 2582 199 2631 10.
217 2577 290 2632 arou
316 2592 556 2645 monacensem.
595 2575 679 2631 Dieee
734 2578 839 2632 ealcum
860 2583 911 2632 act
928 2578 1037 2633 salutm
1056 2578 1088 2631 in
1106 2576 1243 2642 aarum,
1264 2575 1296 2630 id

116 2647 323 2717 teleologische
352 2647 614 2717 Weltansehauung
642 2646 681 2703 iet
730 2649 879 2718 proprium
895 2648 1052 2704 Atticorum
1070 2653 1117 2703 eet.

117 2717 236 2775 stoiseh.
256 2719 320 2789 Vgl.
335 2719 370 2786 ΙΙ,
383 2725 434 2774 120
448 2719 495 2790 flg.
770 2720 816 2775 ced
838 2725 929 2775 tumen
956 2736 993 2774 ee.
1018 2717 1204 2784 meretricata,
1231 2715 1295 2771 eine

154 2792 263 2846 imitari
280 2817 308 2836 =
326 2791 461 2847 imitando
483 2792 611 2860 conequi
633 2790 679 2862 (ΙΙ,
733 2788 918 2861 Apoeiopeee.
926 2789 953 2847 S.
963 2788 1113 2856 adtamll,
1126 2794 1198 2856 lut:
1211 2784 1296 2842 Velim

118 2865 179 2932 81),
198 2862 252 2917 wie
270 2861 309 2931 Il,
325 2867 369 2916 24.
394 2862 473 2917 Brut.
490 2868 537 2918 ⁷0:
556 2863 681 2918 Oauudri
733 2864 776 2918 itu
799 2863 843 2918 eit.
880 2860 934 2918 Sed
956 2867 1054 2916 tamen.
1087 2860 1124 2913 ad
1143 2858 1202 2914 Au.
1221 2856 1295 2924 XIV,

116 2936 202 3005 cipue
219 2928 366 3005 ripclte‘ora,
384 2950 468 3003 quum
489 2940 522 2991 ut
539 2935 683 2990 imitentur
738 2931 1238 3001 12‚1:muuauiu0aaar,neqee
1255 2946 1297 2986 me

117 3006 266 3062 eosdm.
737 3005 838 3071 tacito,
879 3004 930 3059 etei
966 3004 1110 3059 Latinitas
1145 3008 1205 3058 erat
1239 3018 1297 3058 nou

131 3081 133 3088 ’
157 3081 200 3131 11.
229 3081 254 3132 et
280 3093 339 3132 core
361 3076 492 3145 loquetur.
530 3075 584 3130 Um
603 3075 681 3130 dieee
734 3076 857 3145 ferenda.
900 3075 996 3131 Verum
1014 3081 1112 3130 tamen.

120 3146 390 3218 Ungereirntheitzu
400 3146 571 3211 vermeiden,
588 3146 683 3201 haben
773 3153 816 3204 21.
827 3146 947 3217 Epicuri
956 3148 1059 3214 tortae,
1072 3145 1125 3201 mit
1134 3143 1296 3215 Berichung

120 3221 234 3293 epatere
260 3218 418 3288 Epikureer
454 3217 536 3273 ihren
562 3217 683 3274 thtern
736 3218 789 3272 auf
816 3218 872 3273 den
898 3217 1024 3273 Lehreitz
1051 3217 1185 3308 Epikurs,
1219 3215 1297 3271 einer

118 3292 195 3347 auch
214 3289 260 3345 die
273 3289 353 3345 Gaba
372 3289 423 3344 der
436 3289 514 3345 Rede
527 3289 681 3345 verliehen.
736 3291 790 3344 mit
819 3289 905 3345 allern
931 3289 1050 3359 rotigen
1077 3289 1207 3343 hubehtr
1233 3304 1295 3343 aue-

120 3362 186 3433 Vgl.
201 3361 298 3417 Hirzel
315 3362 335 3430 Ι,
348 3367 408 3416 172.
736 3363 919 3432 gestatteten‚
957 3359 1141 3431 gertumigen
1177 3358 1295 3414 Gartan·

147 3434 383 3490 17.Hermarclrue
390 3432 589 3501 ausMytilene,
596 3432 682 3487 Schu-
737 3432 848 3501 anlage.
885 3432 968 3487 Nach
986 3432 1078 3487 dieser
1096 3429 1201 3485 boillon
1219 3429 1296 3484 eeine

120 3507 164 3562 ler
189 3505 248 3560 und
272 3504 448 3574 Nachfclger
467 3503 603 3575 Epikure,
628 3521 684 3559 von
737 3504 892 3593 Anhanger
933 3503 1007 3558 auch
1042 3499 1102 3557 ‘die
1143 3518 1200 3557 von
1242 3501 1298 3555 den

120 3578 230 3633 diesem
251 3576 283 3630 in
306 3576 413 3631 scinem
432 3576 612 3631 Testamenta
634 3575 683 3630 be·
737 3574 844 3630 Garten
875 3572 905 3629 ct
922 3571 979 3629 ἀπὸ
996 3575 1053 3629 τῶν
1067 3570 1173 3643 κήπων,
1192 3572 1297 3642 gerade

120 3649 239 3704 condere
271 3647 404 3703 bedaeht.
449 3646 517 3701 Man
543 3647 595 3701 hat
622 3646 684 3701 hier
737 3647 791 3700 wie
807 3646 854 3701 die
868 3641 1051 3701 smuer‘die
1065 3661 1121 3700 von
1136 3645 1186 3699 der
1199 3639 1295 3699 Halle'

120 3718 287 3788 rorzfiglich
306 3736 343 3773 an
360 3717 439 3773 scine
457 3717 601 3773 Schriften
618 3718 685 3788 περὶ
739 3715 769 3772 οἴ
788 3713 846 3772 ἀπὸ
865 3718 914 3787 τῆς
933 3718 1016 3780 στοᾶς
1033 3718 1159 3787 genennt
1175 3716 1296 3772 werden.

117 3788 346 3863 Ἐμπεδοκλέους
372 3790 432 3844 und
454 3787 524 3862 πρὸς
543 3788 685 3844 Πλάτωνα
775 3789 816 3844 Et
842 3790 932 3845 eotetie
951 3790 1043 3859 quem
1061 3795 1086 3845 ct
1104 3815 1131 3836 =
1156 3784 1297 3844 eteu‘und

121 3881 157 3918 zu
176 3861 302 3928 denken,
326 3862 409 3929 Titel
429 3860 475 3917 die
493 3860 576 3931 Diog.
591 3861 683 3916 Lacrt.
738 3860 777 3915 da
789 3861 876 3929 noch,
895 3860 954 3914 und
968 3855 1118 3930 dennoch'‚
1133 3859 1187 3914 wie
1202 3866 1217 3926 ᾖ
1233 3864 1297 3914 100:

120 3935 156 4002 X,
167 3940 202 3989 25
221 3933 387 3989 fiberliefert
404 3933 463 3988 hat.
737 3932 780 3988 Et
796 3948 840 3988 eos
856 3932 1040 4001 vituperabas.
1055 3963 1089 3973 -
1108 3933 1199 4002 paeri,
1216 3947 1299 3984 wenn

160 4013 202 4062 19.
210 4006 358 4061 Leontium
367 4004 429 4060 eine
440 4003 562 4059 attisehe
569 4003 684 4070 Hatera,
737 4002 785 4057 ihr
802 4002 978 4073 angegriffen
995 4004 1111 4060 werdet.

121 4076 266 4133 Freundin
280 4076 414 4147 Epikurs‚
434 4075 524 4130 durch
533 4073 614 4129 Geist
625 4074 685 4128 und
775 4079 818 4130 22.
837 4075 920 4143 Zeno,
939 4093 961 4130 s.
975 4081 990 4142 5
1005 4081 1048 4131 59.
1086 4073 1160 4130 Einl.
1176 4079 1191 4141 ξ
1207 4078 1248 4127 12.

121 4149 249 4217 Bildung
294 4146 521 4218 ausgezeichnet.
582 4145 683 4200 Neben
776 4146 806 4201 T.
838 4147 984 4214 diductae,
1028 4145 1128 4201 Prator
1167 4144 1198 4199 in
1234 4142 1298 4197 Sar·

123 4220 216 4276 dieser
233 4218 341 4273 landen
359 4220 433 4273 auch
452 4217 556 4273 andere
574 4217 683 4271 Frauen
738 4215 834 4272 dinien
861 4224 924 4285 105,
952 4217 1048 4272 wurde
1072 4216 1181 4287 infulge
1206 4213 1298 4270 eeinee

121 4291 283 4346 Aninahme
316 4290 347 4345 in
379 4290 434 4344 den
466 4288 684 4359 epikureischen
737 4290 843 4359 langen
856 4288 1055 4344 Aufentheltee
1069 4286 1100 4342 in
1109 4288 1204 4342 Athen
1212 4288 1299 4358 pluere

121 4361 403 4433 Philosophenkreie.
430 4389 464 4403 -
494 4349 568 4416 llber
592 4359 683 4415 Theo·
740 4360 863 4415 &eecce
893 4360 951 4414 und
1027 4361 1116 4427 [caue
1142 4358 1300 4430 Epiaueue

121 4434 259 4505 phraets.
273 4439 289 4499 ξ
302 4441 347 4491 35.
739 4431 830 4501 (Brut.
855 4433 927 4500 131).
1009 4445 1082 4499 egen
1111 4430 1203 4485 seinar
1230 4429 1299 4484 Vor-
