3017 4800
205 302 269 367 16ss
587 293 637 347 nr
656 278 991 347 nerone-unorum.

205 553 367 637 curantur.
413 545 573 611 Auditum
597 551 647 611 est
669 547 860 631 pantheras,
884 569 966 632 quae
989 546 1026 610 in
1048 546 1200 610 barbaria
1217 549 1381 609 venenata

205 660 301 705 earne
325 639 529 720 caperentur,
552 636 730 715 remedium
754 636 916 722 quoddam
934 634 1068 719 habere,
1091 657 1155 720 quo
1176 656 1250 699 cum
1270 638 1381 698 essent

204 750 295 810 usae,
317 748 386 790 non
399 728 616 810 morerentur,
636 748 749 808 capras
765 729 874 789 autem
892 724 929 788 in
947 722 1044 789 Creta
1057 724 1157 809 feras,
1176 746 1251 788 cum
1269 726 1381 788 essent
1427 734 1433 743 ’

205 816 349 880 confixae
359 813 507 878 venantis
518 813 660 900 sagittis,
673 813 809 878 herbam
819 836 983 900 quaerere,
997 835 1079 899 quae
1089 812 1274 878 dictamnus
1288 833 1382 876 voca*
1400 826 1415 868 ⁵

204 910 310 990 retur,
334 925 432 988 quam
455 925 529 967 curn
553 902 788 989 gustavissent,
811 903 951 989 sagittas
976 898 1121 967 excidere
1140 903 1252 966 dicunt
1276 923 1294 965 e
1314 922 1383 965 cor-

144 1008 291 1079 121pore.
339 991 522 1076 Cervaeque
544 992 642 1075 paulo
670 995 746 1056 ente
777 996 909 1075 parturn
940 996 1142 1077 perpurgant
1174 1013 1208 1056 se
1240 988 1381 1075 quadam

205 1082 355 1166 herbula,
379 1103 461 1165 quae
485 1080 597 1145 seselis
626 1080 754 1145 dieitur.
806 1080 877 1144 Iam
904 1081 962 1144 illa
990 1080 1168 1165 cernimus,
1195 1084 1233 1144 ut
1264 1082 1382 1144 contra

205 1172 273 1236 vim
297 1175 330 1235 et
352 1174 476 1234 metum
495 1169 562 1233 suis
583 1192 617 1234 se
631 1169 730 1234 armis
746 1191 893 1254 quaeque
908 1169 1096 1253 defendant,
1116 1167 1268 1234 cornibus
1284 1167 1383 1252 tauri,

206 1260 278 1344 apri
301 1259 468 1342 dentibus,
491 1280 603 1323 morsu
625 1259 749 1343 leones5
773 1258 855 1322 aliae
878 1258 958 1345 fuga
981 1280 1028 1343 se,
1053 1259 1135 1323 aliae
1159 1257 1382 1323 occultatione
1403 1273 1430 1312 1⁰

206 1352 369 1431 tutantur,
388 1348 564 1412 atramenti
579 1347 734 1411 effusione
749 1347 871 1431 sepiae,
885 1351 1018 1431 torpore
1037 1347 1238 1431 torpedines,
1256 1343 1382 1410 multae

206 1438 306 1502 etiam
328 1437 525 1501 insectantes
550 1437 658 1501 odoris
681 1436 882 1500 intolerabili
904 1436 1061 1501 foeditate
1084 1436 1259 1520 depellunt.

115 1515 184 1585 ..51
294 1525 342 1590 Ut
364 1547 440 1590 vero
463 1529 639 1610 perpetuus
663 1525 776 1589 mundi
799 1529 885 1590 esset
910 1529 1056 1609 ornatuS,
1085 1547 1205 1611 magna
1233 1524 1383 1589 adhibita

206 1639 283 1681 cura
306 1619 357 1680 est
380 1638 399 1679 a
422 1614 627 1698 providentia
650 1615 799 1699 deorum,
822 1618 860 1678 ut
873 1637 1006 1698 semper
1019 1618 1129 1679 essent
1148 1618 1181 1678 et
1200 1613 1383 1684 bestiarum

206 1720 325 1792 genera
348 1708 382 1768 et
404 1704 558 1768 arborum
582 1703 791 1787 omniumque
814 1726 937 1786 rerum,
962 1725 1043 1788 quae
1067 1726 1086 1767 a
1109 1708 1197 1767 terra
1220 1702 1382 1786 stirpibus
1405 1723 1431 1764 15

206 1795 459 1859 continerentur.
507 1791 595 1867 Quae
619 1792 749 1878 quidem
770 1793 878 1856 omnia
902 1815 973 1856 eam
996 1792 1063 1856 vim
1094 1792 1227 1857 seminis
1258 1790 1384 1855 habent

205 1883 240 1946 in
264 1906 308 1967 se,
329 1887 368 1946 ut
391 1904 430 1946 ex
452 1903 517 1946 uno
541 1883 636 1965 plura
659 1886 868 1967 generentur,
891 1881 988 1966 idque
1011 1903 1123 1945 semen
1144 1881 1309 1945 inclusum
1332 1885 1385 1944 est

205 1972 241 2035 in
263 1972 391 2035 intuma
413 1975 506 2053 parte
531 1993 641 2034 earum
664 1971 832 2055 bacarum,
856 1992 938 2055 quae
962 1993 1001 2034 ex
1025 1992 1152 2054 quaque
1180 1970 1284 2054 stirpe
1311 1968 1385 2032 fun·

206 2061 336 2144 duntur,
359 2059 526 2143 isdemque
550 2059 727 2123 seminibus
751 2063 784 2123 et
806 2058 955 2125 homines
984 2059 1122 2124 adfatim
1144 2064 1321 2124 vescuntur
1350 2062 1384 2123 et

145 2156 195 2205 128
206 2155 312 2214 terrae
336 2148 480 2212 eiusdem
503 2148 631 2233 generis
655 2147 808 2232 stirpium
827 2148 1038 2212 renovatione
1057 2149 1271 2232 complentur.
1297 2146 1384 2222 Quid
1396 2170 1435 2216 ‚ro

205 2240 335 2323 loquar,
359 2237 589 2321 quantaratio
611 2237 648 2300 in
669 2237 785 2301 bestiis
814 2237 853 2301 ad
881 2241 1072 2321 perpetuam
1101 2236 1384 2302 conservationem

207 2330 318 2392 earum
351 2325 479 2413 generis
512 2325 690 2411 appareat?
745 2324 832 2390 Nam
861 2326 1003 2410 primum
1036 2326 1118 2391 aliae
1151 2348 1267 2412 mares,
1299 2325 1384 2390 aliae

206 2417 347 2482 feminae
370 2419 460 2499 sunt,
484 2416 570 2501 quod
592 2416 822 2500 perpetuitatis
847 2438 944 2480 causa
966 2415 1153 2480 machinata
1180 2420 1300 2480 natura
1323 2420 1384 2499 est,

207 2504 322 2570 deinde
344 2506 454 2589 partes
479 2506 624 2589 eorporis
648 2509 681 2569 et
704 2505 744 2568 ad
767 2505 1002 2588 procreandum
1017 2509 1050 2569 et
1069 2506 1109 2569 ad
1133 2504 1384 2588 concipiendum

206 2594 412 2679 aptissimae,
426 2597 459 2657 et
472 2593 610 2666 inmane
625 2598 658 2658 et
676 2594 711 2657 in
731 2593 854 2657 femina
872 2594 1185 2660 commiscendorum
1209 2615 1385 2678 corporum
1405 2617 1433 2658 ss
1503 2585 1504 2660 l

208 2684 310 2749 mirae
333 2682 493 2747 libidines.
541 2681 623 2748 Oum
655 2686 765 2748 autem
797 2682 832 2746 in
867 2675 947 2747 loeis
986 2705 1097 2747 semen
1128 2682 1262 2766 insedit,
1295 2682 1384 2767 rapit

208 2796 338 2838 omnem
360 2772 428 2836 fere
453 2772 561 2866 cibum
585 2772 625 2836 ad
644 2771 837 2856 seseeoque
852 2776 1001 2856 saeptum
1019 2772 1117 2858 fingit
1136 2772 1271 2858 animal,
1296 2771 1385 2856 quod

204 457 295 546 sunt)
319 458 496 524 vomitione
520 479 628 543 canes,
643 434 829 545 'purgantes
853 461 963 522 autem
986 457 1076 522 alvos
1100 457 1169 521 ibes
1194 455 1381 542 Aegyptiae

207 2914 266 2968 und
296 2925 325 2967 es
351 2911 403 2966 auf
430 2911 492 2966 eine
523 2927 662 2980 gensuers
692 2910 765 2965 Zeit
820 2910 906 2965 Arist.
915 2910 944 2964 h.
955 2909 1062 2979 a.lX,6.
1073 2910 1157 2980 Verg.
1168 2911 1236 2966 Aen.
1248 2910 1309 2979 XII,
1320 2917 1384 2974 412.
1453 2896 1457 2907 ⁸
1503 2917 1504 2970 l

207 2983 398 3051 bestimmung
420 2982 483 3036 hier
514 2982 595 3036 nicht
612 2982 766 3049 ankommt,
858 2988 881 3036 9.
914 2988 1027 3049 metum,
1071 2984 1189 3043 meton..
1218 2981 1268 3035 das
1291 3009 1295 3018 ·
1324 2998 1383 3036 was
1503 2977 1504 3040 l

208 3074 239 3111 so
268 3056 307 3109 ist
329 3054 431 3107 hb'chst
458 3052 693 3107 wahrseheinlich
717 3053 767 3108 der
820 3052 926 3106 Fureht
946 3052 1075 3121 einfibllt,
1100 3052 1147 3106 die
1172 3052 1285 3107 Gefahr.
1331 3052 1383 3109 Or.
1503 3053 1504 3070 ³

207 3126 339 3195 folgende
358 3125 457 3178 Zusatz
475 3125 588 3178 uneeht.
820 3123 887 3178 Met.
902 3124 948 3192 lV,
961 3130 1023 3177 111:
1044 3125 1103 3179 toea
1117 3125 1202 3194 pterea
1220 3130 1315 3179 metus

138 3253 141 3260 ,
246 3198 433 3264 leomitiorre,
447 3194 667 3263 hervotgerufen
677 3195 766 3249 durch
855 3211 982 3264 quaeqae,
1003 3194 1053 3249 der
1071 3195 1176 3263 Plural,
1194 3212 1243 3249 nm
1262 3195 1309 3250 die
1324 3194 1384 3250 ein·

209 3268 395 3323 Graslressen.
662 3335 668 3347 .
723 3336 729 3348 .
820 3267 919 3319 zelnen
946 3264 1109 3335 Gattungen
1136 3285 1170 3320 zu
1201 3266 1384 3321 bezeichnen.

208 3336 693 3477 ...rtetaertbbblttit
707 3337 769 3462 ⁵21¹
823 3336 1156 3477 ltrttbttlte
1171 3344 1384 3477 hbllum,

208 3481 334 3552 Klystier
352 3482 452 3551 geben.
478 3519 482 3530 ,
823 3479 930 3533 welche
953 3479 1042 3533 durch
1067 3479 1236 3534 elektrische
1261 3480 1385 3551 Schltge

244 3556 310 3620 ibes,
329 3570 350 3607 s.
365 3552 384 3619 I,
397 3558 456 3607 101.
566 3596 569 3600 .
822 3551 972 3606 bettuben.

245 3633 270 3678 5.
282 3624 416 3689 cenantis,
427 3621 489 3676 eine
499 3620 709 3691 Verbesserung
719 3622 767 3675 Al·
859 3628 900 3676 12.
915 3623 1022 3676 ardoris
1041 3654 1071 3662 -
1093 3623 1230 3690 foeditate,
1248 3640 1270 3677 z.
1285 3621 1318 3678 B.
1333 3622 1386 3677 der

209 3696 270 3749 lens
286 3696 356 3748 stett
369 3694 419 3747 des
433 3693 546 3747 hdschr.
559 3694 707 3760 venenatis,
722 3692 768 3746 ein
822 3691 884 3746 lltis
898 3693 955 3745 und
976 3693 1034 3760 das,
1054 3693 1209 3763 allerdings
1228 3694 1283 3747 den
1298 3693 1387 3748 Alton

210 3764 425 3832 Schreibfehler,
439 3763 489 3817 der
499 3763 586 3817 durch
597 3763 647 3817 das
658 3763 769 3818 vorauf-
823 3763 1016 3832 unbekannte,
1049 3763 1079 3818 in
1102 3764 1237 3818 Amerika
1262 3763 1385 3821 lebende

210 3836 339 3907 gehende
353 3841 577 3890 renerotacarree
585 3834 768 3904 hervorgeru-
824 3833 970 3889 Stinlrtier.
1222 3832 1224 3837 ’

209 3909 258 3962 fen
271 3924 303 3960 zu
319 3906 380 3961 sein
394 3904 511 3959 scheint.
539 3904 620 3959 Denn
634 3904 690 3958 dall
703 3922 770 3959 man
861 3912 902 3961 18.
920 3907 1019 3961 muudi
1036 3913 1165 3975 oreatus,
1185 3924 1205 3962 s.
1220 3926 1243 3962 z.
1258 3906 1291 3975 II,
1305 3912 1367 3963 118.

210 3975 769 4048 dieZiegenmitvergiftetenPseilenge·
861 3982 894 4031 15
922 3979 1094 4046 omniumque
1112 4009 1146 4018 —
1170 3980 1385 4048 continerentur,

210 4046 768 4115 schussenhabc‚istunwahrscheinlioh;
825 4066 846 4104 s.
860 4048 894 4118 Il,
906 4055 940 4102 26
954 4067 976 4101 z.
991 4050 1124 4118 stirpibus
1142 4051 1239 4117 iudea.

210 4121 295 4175 Arist.
303 4121 330 4176 h.
339 4120 416 4185 alX,
425 4126 449 4185 6,
458 4117 768 4175 welcherdicselbeGe-
861 4125 901 4175 18.
923 4121 1083 4188 funduntur
1102 4116 1144 4174 ‘in
1165 4120 1245 4174 Fr'ille
1267 4120 1385 4175 herror-

210 4190 465 4256 schichteerzlthlt,
481 4188 768 4245 weissdavonniehts.
823 4191 961 4259 gebracht
978 4188 1111 4246 werden'.
1149 4191 1260 4246 Ebenso
1280 4191 1314 4260 II,
1335 4198 1385 4261 833

246 4266 408 4319 dictamnus.
438 4261 520 4314 Anch
535 4261 698 4316 sonstwird
712 4278 769 4316 von
825 4269 884 4317 129.
904 4293 934 4302 -
951 4261 1062 4330 Wegen
1080 4264 1164 4333 stirpe
1183 4280 1203 4317 s.
1219 4282 1241 4318 z.
1258 4262 1346 4331 ll,26.

211 4334 267 4388 den
286 4335 372 4388 Alton
390 4332 494 4387 diesem
508 4333 582 4386 nach
600 4333 664 4386 dem
677 4333 768 4402 Berge
858 4339 901 4388 26.
920 4334 1044 4403 trabeis,
1062 4334 1261 4403 loci=ateras,
1276 4333 1387 4403 griech.

211 4403 297 4458 Dikte
321 4403 370 4458 auf
385 4404 473 4457 Kreta
490 4403 650 4457 benannten
664 4404 768 4458 Krautc
822 4400 912 4460 τόποι,

212 4474 274 4529 eine
303 4475 399 4529 solche
427 4473 511 4528 Kraft
541 4474 769 4544 augeschrieben.
859 4482 901 4532 27.
934 4492 1014 4546 eoque
1049 4483 1186 4546 saeptum,
1219 4493 1302 4531 wenn
1334 4476 1389 4533 der
