3017 4800
201 232 267 297 234
585 227 635 282 DE
654 225 808 282 NATURA
826 226 990 283 DEORUM.

136 391 184 458 35
203 391 352 457 homines
363 388 365 395 ’
375 390 524 455 adiunxit
546 391 709 457 iniuriam.
737 390 834 456 Hunc
848 391 952 478 igitur
964 414 1024 457 neo
1040 390 1212 477 Olympius
1227 391 1380 476 luppiter

201 481 339 546 fulmine
361 480 524 565 percussit
546 502 606 546 neo
630 481 845 566 Aesculapius
870 481 988 546 misero
1013 481 1231 566 diuturnoque
1260 481 1378 546 morbo

200 570 424 635 tabescentem
458 569 640 655 interemit,
681 574 780 655 atque
815 569 852 634 in
888 592 947 635 suo
988 571 1108 636 lectulo
1150 573 1301 635 mortuus
1342 570 1379 634 in

204 657 415 744 [tyrannidis]
439 680 558 744 rogum
576 659 698 724 inlatus
723 663 774 724 est
797 681 932 744 eamque
955 662 1164 744 potestatem,
1188 682 1287 744 quam
1305 659 1377 743 ipse

200 770 260 832 per
283 748 387 812 scelus
412 751 483 812 erat
499 752 653 833 nanctus,
677 748 771 833 quasi
788 747 911 813 iustam
930 752 964 813 et
981 749 1166 835 legitimam
1183 746 1377 813 hereditatis
1397 765 1412 807 r

143 845 183 896 85
201 838 274 902 loco
297 836 366 901 filio
389 836 534 901 tradidit.
580 836 689 903 Invita
710 837 746 902 in
763 836 828 902 hoc
845 838 918 902 loco
936 842 1085 904 versatur
1104 837 1223 924 orati03
1246 837 1377 902 videtur
1467 904 1472 914 ,

201 925 290 991 enim
313 925 545 991 auctoritatem
567 926 692 991 adferre
723 927 894 1012 peccandi3
923 930 1012 992 recte
1041 927 1219 1012 videretur,
1247 927 1313 991 nisi
1342 931 1378 991 et

200 1015 334 1080 virtutis
358 1019 391 1078 et
413 1015 570 1080 vitiorum
593 1015 663 1080 sine
685 1016 753 1081 ulla
777 1016 886 1081 divina
908 1016 1036 1082 ratione
1059 1037 1158 1101 grave
1176 1015 1279 1102 ipsius
1300 1038 1376 1081 con-

199 1103 357 1170 scientiae
379 1101 506 1187 pondus
530 1108 633 1189 esset,
657 1127 721 1190 qua
744 1106 875 1170 sublata
903 1105 1011 1170 iacent
1041 1105 1159 1170 omnia.
1212 1104 1259 1170 Ut
1289 1105 1377 1170 enim

201 1215 260 1258 nec
283 1193 398 1257 domus
421 1214 481 1257 nec
504 1215 556 1258 res
579 1194 711 1277 publica
733 1194 862 1259 ratione
884 1195 1025 1279 quadam
1047 1199 1081 1259 et
1110 1194 1283 1278 disciplina
1310 1194 1425 1260 dis-1⁰

201 1282 333 1368 signata
356 1281 518 1367 videatur,
542 1283 571 1347 si
593 1282 629 1346 in
661 1305 699 1348 ea
728 1305 790 1348 nec
821 1288 909 1348 recte
940 1282 1038 1349 factis
1068 1284 1215 1368 praemia
1247 1288 1378 1348 exstent

200 1371 269 1455 ulla
299 1391 359 1434 nec
396 1371 556 1455 supplicia
591 1373 748 1457 peccatis,
779 1372 826 1438 sio
854 1373 967 1437 mundi
989 1373 1099 1438 divina
1132 1373 1181 1453 [in
1210 1372 1375 1454 homines]

200 1459 381 1525 moderatio
399 1459 547 1544 profecto
569 1462 661 1526 nulla
688 1466 748 1548 est,
780 1462 809 1526 si
839 1461 875 1525 in
902 1483 940 1526 ea
967 1462 1141 1527 discrimen
1172 1462 1298 1526 nullum
1325 1466 1378 1526 est

200 1550 361 1614 bonorum
383 1554 417 1613 et
440 1551 608 1615 malorum.
889 1574 892 1577 ·

144 1654 181 1703 86
289 1637 337 1702 At
360 1639 447 1703 enim
469 1639 598 1705 minora
621 1640 652 1704 di
676 1641 857 1726 neglegunt
878 1662 984 1725 neque
1014 1641 1138 1727 agellos
1169 1639 1376 1725 singulorum
1395 1657 1425 1699 rs

200 1750 260 1793 nec
283 1727 435 1793 viticulas
458 1733 699 1814 persequuntur
721 1750 795 1813 nec,
819 1729 848 1793 si
866 1729 966 1794 uredo
986 1734 1043 1794 aut
1062 1729 1186 1815 grando
1206 1728 1375 1814 quippiam

200 1816 327 1901 nocuit,
349 1817 383 1880 id
406 1817 478 1882 Iovi
506 1818 829 1883 animadvertendum
859 1817 937 1903 fuit3
966 1840 1007 1883 ne
1037 1819 1073 1882 in
1104 1818 1215 1904 regnis
1245 1818 1378 1902 quidem

200 1927 295 1992 reges
320 1906 429 1970 omnia
452 1906 589 1972 minima
607 1912 735 1993 curant3
760 1908 807 1972 sio
823 1907 913 1977 enim
932 1907 1051 1973 dicitis.
1076 1906 1177 1983 Quasi
1196 1929 1257 1993 ego
1276 1908 1376 1992 paulo

201 2000 278 2061 ante
297 1994 336 2058 de
353 1993 455 2060 fundo
474 1995 650 2061 Formiano
670 1996 707 2062 P.
726 1995 844 2061 Rutilii
863 1996 925 2062 sim
945 2001 1094 2082 questus,
1111 2018 1178 2061 non
1197 1997 1236 2061 de
1254 1996 1378 2061 amissa

135 2090 182 2156 36
202 2085 315 2150 salute.
361 2082 472 2169 Atque
494 2084 557 2150 hoc
581 2086 712 2170 quidem
736 2108 847 2150 omnes
872 2087 1027 2151 mortales
1051 2086 1098 2151 sic
1115 2085 1248 2171 habent,
1272 2089 1377 2150 exter·
1395 2105 1424 2146 so

200 2196 259 2239 nas
284 2173 547 2260 commoditates,
570 2175 694 2259 vineta,
718 2178 860 2261 segetes,
884 2175 1018 2259 oliveta,
1037 2176 1222 2240 ubertatem
1240 2173 1375 2261 frugum

230 2318 260 2403 Ι3.
281 2355 370 2418 atque,
389 2365 410 2402 s.
426 2348 446 2416 1,
458 2353 492 2403 75
507 2367 528 2404 z.
543 2350 637 2419 sitque.
812 2350 914 2405 wortet
959 2350 1097 2419 gelassen.
1148 2350 1213 2420 Vgl.
1251 2349 1373 2405 Senecas

236 2426 262 2475 4.
274 2420 474 2492 [tpraaeidis]‚
485 2421 606 2475 welches
616 2420 679 2475 eine
689 2423 758 2491 gnte
814 2420 921 2475 Schrift
945 2423 978 2476 de
998 2423 1184 2491 provideritis,
1211 2424 1266 2477 sive
1291 2439 1377 2492 quare

199 2492 321 2546 Hdschr.
333 2490 432 2558 bietet,
451 2491 514 2546 hele
526 2492 623 2547 Baiter
636 2493 682 2546 fiir
696 2492 758 2547 eine
812 2493 908 2561 aliqua
926 2494 1096 2548 incommode
1115 2494 1193 2548 boreis
1216 2495 1285 2549 viris
1302 2495 1375 2548 acci·

199 2563 300 2618 Glosse
322 2580 356 2616 zu
383 2562 447 2617 dem
465 2563 619 2634 folgenden
638 2571 757 2634 potestu-
812 2565 891 2630 aare,
910 2580 972 2619 curre
985 2565 1162 2633 provideretis
1175 2565 1229 2636 ¹eit.
1248 2563 1306 2618 Das
1316 2564 1373 2619 Un-

200 2643 267 2702 tem,
299 2633 345 2688 die
372 2634 494 2704 ubrigen
520 2635 640 2690 Hdschr.
664 2636 759 2690 haben
812 2634 914 2704 gli‘iclr,
938 2635 990 2690 das
1023 2636 1078 2689 den
1102 2634 1196 2690 Guten
1224 2634 1309 2702 trifft,
1337 2635 1376 2690 ist

200 2708 252 2760 das
270 2705 518 2761 unversttndliche
536 2708 687 2778 typaaidis.
813 2706 888 2760 nach
909 2706 987 2761 ihrer
1004 2706 1123 2760 Ansicht
1147 2724 1201 2760 nur
1225 2706 1375 2762 scheinbar

237 2784 261 2831 8.
280 2778 565 2833 virtutisetcitr'oram
580 2779 760 2833 corrseierrtiae
814 2778 847 2846 (s.
863 2777 959 2844 11,1cr
978 2796 1000 2831 z.
1021 2794 1169 2847 prosperae
1196 2794 1286 2835 omrws
1312 2779 1376 2904 resp,

195 2850 314 2919 porcus.
356 2848 465 2918 Wegen
498 2849 548 2903 der
574 2849 761 2918 Verbindung
813 2848 947 2902 wahrend
980 2849 1030 2902 das
1063 2848 1167 2918 (illicit,
1199 2850 1251 2904 das
1284 2850 1354 2903 dure

199 2920 342 2974 mehrerer
386 2918 536 2985 Genetiva
579 2937 635 2975 von
668 2921 760 2975 denen
813 2918 982 2973 moralische
1007 2919 1234 2989 Schlechtiglreit
1262 2936 1376 2990 gewon-

200 2992 251 3045 der
261 2990 323 3045 cine
333 3007 389 3045 von
403 2991 468 3045 dem
478 2991 601 3046 anderen
615 2992 760 3062 abhangig
813 3007 869 3045 nen
895 2989 977 3057 wird,
1002 2990 1070 3044 kain
1094 2990 1256 3046 wirlrliehes
1281 2990 1376 3046 Gluelr

197 3061 250 3127 ist,
276 3062 334 3131 vgl.
355 3062 393 3115 ad
412 3064 471 3117 Att.
495 3064 543 3130 IV,
559 3070 582 3129 1,
599 3078 625 3117 s:
649 3065 759 3132 fractus
812 3080 847 3115 zu
864 3079 975 3116 nennen
994 3060 1039 3116 ist.

198 3140 263 3189 tuae
288 3134 435 3189 maritatis
455 3136 600 3203 praeteriti
622 3137 758 3205 temporis.
852 3139 894 3187 18.
912 3133 1006 3188 omnia
1024 3134 1150 3201 minime,
1170 3151 1191 3188 s.
1205 3152 1227 3188 a.
1242 3134 1263 3202 1,
1275 3139 1318 3190 67.

200 3205 237 3258 ad
250 3203 318 3258 fam.
332 3204 366 3270 X,
374 3211 417 3270 35,
426 3221 450 3259 1:
465 3212 559 3261 tactae
571 3207 760 3261 multitudinis
848 3206 889 3260 sie
902 3206 974 3259 reim
988 3206 1096 3260 dicitis:
1115 3205 1148 3273 ΙΙ,
1165 3210 1222 3261 167.
1241 3205 1299 3259 Der
1311 3204 1375 3259 hier

198 3276 302 3331 civium
319 3276 419 3330 salutis
436 3292 549 3331 eausam
566 3278 709 3346 suscipere.
814 3275 982 3345 angefuhrte
1009 3275 1162 3345 Vergleich
1193 3276 1282 3331 findet
1313 3275 1375 3331 sich

235 3347 294 3400 cirre
320 3347 380 3401 clia
406 3347 503 3402 dirimi
534 3349 642 3403 ratione
673 3344 760 3402 ‘ohne
815 3347 880 3402 dort
897 3346 985 3401 nicht.

197 3417 255 3471 alle
274 3416 413 3485 gdttliche
432 3418 611 3486 Anordnmg,
631 3418 759 3473 llinrich·
852 3419 954 3489 Quasi,
974 3436 995 3472 s.
1010 3436 1033 3474 z.
1050 3418 1070 3484 1,
1081 3424 1123 3473 26.

198 3484 286 3557 tung'.
324 3487 433 3542 Darauf
448 3490 563 3543 wurden
581 3490 627 3544 die
647 3490 761 3545 Stoiker
844 3492 933 3560 paulo
951 3496 1030 3544 octe.-
1049 3496 1064 3555 ξ
1080 3495 1123 3545 80.

199 3559 351 3626 erwidcrn,
381 3559 437 3613 dall
465 3560 516 3614 wir
543 3562 647 3630 gerade
674 3578 760 3617 unser
852 3567 892 3616 19.
912 3562 944 3616 de
967 3562 1057 3629 fundo
1074 3561 1232 3616 Formiano.
1268 3560 1300 3613 In
1324 3558 1376 3614 der

197 3630 343 3685 Gewissen
363 3630 414 3684 der
436 3633 623 3687 diripereris
646 3650 679 3686 zu
697 3650 758 3688 ver·
813 3631 931 3702 Gegend
953 3648 1010 3686 von
1028 3631 1171 3699 Formiae,
1195 3631 1273 3685 einer
1291 3630 1375 3685 Stadt

199 3701 313 3755 danken
330 3701 432 3757 haben,
815 3720 851 3757 an
870 3703 934 3758 dam
948 3703 1114 3758 Meerbuscn
1128 3720 1184 3757 von
1200 3701 1308 3770 Oajeta
1324 3703 1375 3756 bc·

237 3779 278 3836 10.
304 3773 473 3843 dissipante,
500 3791 521 3829 s.
549 3775 576 3843 Ι,
600 3781 634 3829 20
661 3794 684 3830 z.
703 3777 759 3831 dis-
813 3774 918 3828 landen
951 3773 1013 3828 sich
1039 3773 1198 3829 zahlreiche
1225 3771 1375 3827 Landsitze

197 3844 380 3915 eipsctr'orrem
813 3844 1157 3901 romischerVornehmer.
1185 3843 1374 3899 Anchcieeto

237 3921 278 3969 12.
289 3915 337 3986 [ire
349 3916 494 3987 homines]‚
508 3916 559 3970 der
568 3916 667 3971 Zusatz
682 3917 759 3972 eines
813 3918 894 3972 hatte
917 3916 1101 3972 bekanntlich
1121 3917 1186 3970 dort
1204 3914 1267 3971 eine
1286 3915 1373 3971 Villa.

198 3985 759 4056 Interpolators‚welcharmaadittlsch-
849 3989 882 4044 de
913 3990 1015 4045 amasa
1048 3992 1144 4055 salute,
1177 3987 1252 4042 deun
1284 3986 1375 4040 durch

199 4059 259 4113 lich
276 4058 322 4111 fiir
341 4058 396 4113 den
414 4057 513 4114 (leuet.
534 4058 652 4114 subiect.
678 4060 759 4117 hielt.
814 4059 864 4113 das
874 4059 937 4113 Exit
951 4059 1047 4113 wurde
1062 4076 1092 4114 er
1106 4060 1195 4128 capite
1207 4059 1373 4114 deminutus.

237 4137 278 4185 13.
290 4130 436 4184 discrimen
449 4133 557 4186 aeliam
570 4133 758 4187 -malorcm
813 4131 876 4200 Vgl.
901 4150 928 4201 p.
950 4130 1021 4185 Sest.
1049 4137 1112 4185 10⁵1:
1146 4130 1194 4185 Ori.
1228 4131 1295 4184 Pom
1315 4130 1375 4183 cias

199 4200 252 4255 Dic
271 4200 368 4269 Frage,
386 4200 440 4255 wie
459 4218 488 4255 es
507 4203 579 4256 trotz
608 4203 658 4256 der
683 4205 758 4271 gott-
812 4209 909 4257 anaor
926 4218 1000 4257 meae
1017 4202 1116 4256 solatis
1134 4200 1188 4256 mit
1205 4220 1233 4271 p.
1247 4200 1285 4254 Μ’
1300 4242 1306 4255 .
1321 4206 1373 4255 39:

199 4270 512 4340 lichanFr'irsorgedem
521 4272 758 4340 Gutenschlecht,
813 4273 862 4328 Cre.
887 4274 1033 4344 Pompeias
1056 4279 1154 4328 eaeor
1183 4278 1209 4328 et
1239 4273 1298 4327 cirre
1319 4271 1375 4327 mei

199 4342 265 4395 dem
275 4340 442 4396 Schlechten
452 4346 504 4412 gut
518 4344 640 4412 ergehen
653 4343 756 4413 kenne,
811 4345 923 4399 reditus.

199 4411 293 4466 haben
311 4412 358 4467 die
377 4413 492 4468 Stoiker
515 4414 596 4468 nicht
619 4413 757 4468 unbeant-
847 4421 890 4469 20.
909 4416 949 4470 sic
961 4416 1061 4471 hubent
1073 4408 1151 4468 ‘sind
1166 4413 1216 4467 der
1229 4408 1370 4468 Ansicht’.
