3017 4800
246 238 313 304 210
635 232 683 287 DE
703 231 853 286 NATURA
875 230 1040 286 DEORUM.

246 396 416 481 intersint,
439 395 541 460 Natio
565 417 694 481 quoque
718 394 778 460 dea
800 394 946 479 putanda
968 398 1032 479 est,
1056 394 1116 478 cui,
1149 415 1223 458 cum
1255 392 1335 458 fana
1368 391 1435 457 cir·

248 486 407 551 sumimus
431 485 467 549 in
489 506 570 570 agro
593 483 746 567 Ardeati,
770 506 840 548 rem
863 484 1007 548 divinam
1029 482 1136 548 facere
1159 483 1318 567 solemus3
1342 503 1432 565 quae

248 575 325 660 quia
347 578 462 659 partus
486 578 711 639 matronarum
733 577 879 657 tueatur,
907 596 927 637 a
953 572 1163 637 nascentibus
1192 571 1294 636 Natio
1322 569 1433 635 nomi-

247 667 326 728 nata
349 667 408 727 est.
445 662 495 727 Ea
510 663 538 727 si
557 663 617 727 dea
640 666 704 747 est,
727 662 761 726 di
782 683 895 726 omnes
917 661 982 745 illi,
1005 660 1062 746 qui
1085 659 1432 725 commemorabantur

248 775 268 816 a
304 756 353 836 te,
389 750 517 836 Honos,
554 749 665 835 Fides,
701 750 809 835 Mens,
846 747 1040 834 Concordia,
1077 771 1156 836 ergo
1199 749 1299 813 etiam
1332 746 1465 832 Spes,s

248 840 382 906 Moneta
406 841 592 925 omniaque,
620 861 703 924 quae
727 839 927 925 cogitatione
957 839 1123 903 nobismet
1153 838 1218 923 ipsi
1248 859 1430 921 possumus

248 929 380 1015 fingere.
428 927 521 1004 Quod
544 929 573 992 si
595 928 664 993 veri
687 928 794 992 simile
821 950 889 992 non
921 931 985 1012 est,
1014 950 1055 992 ne
1087 927 1169 991 illud
1200 926 1332 1011 quidem
1366 929 1432 1008 est,

188 1019 230 1085 19
248 1017 330 1082 haec
352 1018 437 1082 unde
452 1017 625 1081 fluxerrmt.
672 1015 757 1092 Quid
775 1021 886 1081 autem
909 1017 1005 1100 dicis,
1028 1016 1072 1097 si
1087 1016 1119 1080 di
1143 1019 1220 1080 sunt
1247 1014 1311 1098 illi,
1340 1035 1429 1098 quos

249 1108 386 1172 colimus
411 1111 445 1172 et
475 1106 673 1190 accepimus,
710 1128 768 1170 cur
803 1128 871 1170 non
907 1106 1020 1170 eodem
1056 1105 1093 1168 in
1124 1126 1242 1192 genere
1275 1101 1431 1187 Serapim

216 1196 218 1200 ’
249 1195 394 1279 Isimque
415 1194 645 1260 numeremus?
669 1195 757 1279 quod
780 1195 808 1259 si
830 1193 982 1279 facimus,
1015 1216 1072 1258 cur
1102 1194 1316 1258 barbarorum
1346 1192 1430 1257 deos
1451 1215 1477 1255 ro

249 1283 478 1368 repudiemus?
522 1283 628 1348 Boves
652 1283 757 1370 igitur
780 1287 813 1348 et
836 1305 950 1369 equos,
973 1284 1057 1367 ibes,
1077 1282 1260 1366 accipitres,
1283 1280 1430 1365 aspidas,

250 1373 443 1458 crocodilos,
457 1372 577 1457 pisces,
592 1394 701 1457 canes,
722 1373 832 1457 lupos,
854 1371 968 1457 faeles,
987 1373 1108 1436 multas
1127 1375 1296 1455 praeterea
1309 1370 1428 1434 beluas

248 1461 285 1524 in
307 1461 441 1526 deorum
462 1483 633 1526 numerum
656 1483 859 1545 reponemus.
906 1459 996 1536 Quae
1024 1461 1053 1525 si
1075 1460 1243 1543 reicimus,
1265 1459 1324 1523 illa
1347 1480 1431 1544 quo·

195 1561 231 1610 48
250 1572 326 1635 que,
348 1551 434 1615 unde
455 1550 536 1615 haec
558 1555 638 1615 nata
660 1554 746 1633 sunt,
769 1550 950 1615 reiciemus.
996 1548 1081 1625 Quid
1103 1547 1239 1614 deinde?
1280 1547 1340 1612 Ino
1366 1548 1430 1612 dea

250 1639 385 1704 ducetur
408 1643 442 1704 et
461 1639 635 1703 Λευκοθέα
659 1662 678 1703 a
701 1638 848 1724 Graecis,
871 1662 891 1703 a
913 1639 1009 1703 nobis
1033 1637 1162 1703 Matuta
1184 1638 1324 1721 dicetur,
1348 1657 1428 1700 cum
1450 1659 1476 1701 rs

250 1728 295 1792 sit
318 1726 432 1793 Cadmi
454 1728 535 1812 filia,
559 1725 652 1793 Circe
675 1732 785 1792 autem
809 1732 843 1793 et
864 1727 1027 1812 Pasiphae
1051 1732 1084 1792 et
1102 1725 1207 1792 Aeeta
1225 1749 1243 1790 e
1262 1724 1430 1810 Perseide,

248 1936 284 1973 eu
301 1919 496 1987 entscbeiden,
516 1919 553 1973 da
575 1920 628 1973 wir
655 1937 689 1974 zu
716 1919 810 1989 wenig
863 1919 910 1990 (de
929 1918 987 1974 div.
1001 1919 1036 1987 II,
1048 1920 1119 1988 123),
1139 1917 1189 1972 lais
1212 1918 1279 1973 bald
1298 1916 1353 1972 mit
1377 1918 1431 1972 der

249 2007 305 2044 von
319 1990 468 2045 derselben
478 1990 589 2044 wissen.
610 1991 703 2045 Schon
712 1991 809 2057 Varro,
864 1990 1044 2060 argivischen
1068 1991 1112 2056 Io,
1146 1990 1214 2044 bald
1245 1989 1300 2043 mit
1324 1989 1428 2044 Perse·

249 2060 493 2115 zudessenZeiten
502 2061 543 2115 sie
553 2061 809 2116 bereitsverschol-
863 2062 966 2143 phone,
980 2062 1054 2116 Juno
1064 2061 1121 2115 und
1131 2061 1254 2115 anderen
1268 2059 1430 2115 Gdttinnen

249 2130 297 2186 len
305 2149 371 2195 war,
380 2131 419 2185 ist
428 2131 489 2185 sich
499 2132 810 2202 fiberihreBedeutung
863 2132 1052 2188 rdentifiaiert.

248 2203 331 2257 nicht
361 2202 433 2257 klar.
470 2202 499 2273 (l.
523 2202 553 2258 L.
570 2202 603 2264 V,
620 2208 667 2270 84;
688 2204 735 2271 VI,
757 2206 809 2273 19.)
902 2209 942 2258 10.
971 2205 1152 2259 barbarorum
1182 2204 1252 2260 deos.
1298 2201 1366 2257 Wie
1386 2202 1428 2257 im

185 2330 190 2335 ,
288 2280 310 2328 1.
326 2274 424 2340 Natio,
440 2272 502 2327 eine
517 2273 741 2343 Geburtsgdttin,
757 2292 811 2327 nur
863 2274 1121 2344 Vorhergehenden
1146 2274 1192 2329 die
1219 2274 1298 2329 alten
1324 2272 1430 2329 Gdtter

250 2361 287 2399 an
305 2344 397 2399 dieser
415 2343 503 2400 Stelle
522 2348 655 2415 genannt.
865 2346 918 2400 den
936 2362 991 2401 neu
1005 2345 1258 2415 ausgenommenen
1272 2347 1428 2416 entgegen·

286 2421 311 2471 2.
330 2433 386 2470 rem
403 2418 527 2472 dicaam
544 2418 634 2485 faeere
648 2416 717 2472 oder
728 2433 811 2472 caera
864 2417 981 2488 gestellt
991 2417 1111 2484 werden,
1120 2433 1151 2471 so
1161 2416 1224 2471 hier
1234 2417 1280 2471 die
1288 2417 1428 2484 fremden,

249 2488 339 2556 facere
357 2486 396 2542 ist
414 2488 461 2542 bei
480 2486 578 2543 Cicero
601 2488 652 2542 der
675 2488 809 2577 gewdhn·
863 2488 972 2543 welche
996 2488 1028 2541 in
1054 2488 1128 2542 Rom
1154 2488 1237 2543 keine
1265 2488 1430 2543 Aufnahme

249 2557 325 2613 liche
343 2559 491 2612 ausdruck
508 2559 554 2612 fiir
567 2555 680 2629 ‘opfem
698 2582 705 2626 ς
724 2562 811 2614 somi-
864 2559 1006 2629 gefuuden
1022 2558 1131 2628 haben,
1151 2559 1207 2613 den
1231 2558 1337 2613 bereits
1362 2560 1430 2613 dort

249 2632 333 2698 ficare
346 2630 505 2699 gebraueht
518 2648 549 2685 er
561 2648 615 2684 nur
629 2630 675 2685 ein
685 2630 810 2699 cinziges
865 2630 1070 2699 eingefi'ihrten.

251 2700 316 2769 Mal,
329 2718 356 2755 u.
367 2717 441 2754 zwar
452 2699 483 2754 in
493 2700 810 2770 diesenBsichernll,e⁷.
903 2707 943 2755 13,
971 2703 1003 2756 in
1030 2717 1174 2757 nemnem
1199 2717 1377 2770 reponemus,
1404 2720 1428 2757 s.

287 2777 311 2827 5.
331 2779 405 2827 ate:
424 2772 522 2840 lter:
864 2791 886 2827 z.
902 2773 922 2840 Ι,
934 2777 980 2828 38.
1015 2772 1068 2825 Zur
1086 2771 1177 2827 Sacbe
1197 2772 1253 2841 vgl.
1269 2772 1289 2841 1,
1302 2778 1364 2828 101.

286 2848 311 2897 6.
331 2843 458 2910 Moneta,
481 2841 659 2912 gewbbnlicb
680 2843 727 2897 ein
745 2842 809 2896 Bei·
899 2845 926 2898 si
942 2845 1070 2898 radimus
1094 2875 1127 2883 -
1149 2844 1301 2912 reiciemce,
1320 2862 1342 2901 s.
1357 2843 1428 2910 11‚s

250 2930 333 2968 name
352 2915 402 2969 der
419 2914 493 2969 Juno
511 2931 530 2967 o
543 2915 676 2969 mmwndo
690 2914 737 2984 (de
752 2913 809 2968 div.
864 2933 886 2969 z.
905 2917 931 2969 ai
947 2916 1079 2970 columae.

251 2984 355 3054 1‚101).
396 2984 473 3039 Weil
504 2986 551 3039 die
582 2985 754 3039 Miinzstttte
780 2983 810 3038 in
901 2990 943 3041 15.
980 2985 1106 3053 Matuta,
1148 2983 1202 3055 eig.
1235 2984 1336 3041 thtin
1375 2985 1428 3040 der

251 3055 302 3110 der
311 3056 391 3110 Nahe
404 3055 480 3111 ihres
495 3055 627 3125 Tempels
644 3056 699 3126 lag,
714 3056 810 3111 wurde
863 3056 1043 3125 Morgenrote
1063 3057 1173 3127 (mone),
1202 3056 1278 3110 daun
1305 3056 1348 3111 als
1371 3057 1426 3111 Ge·

251 3127 325 3180 auch
351 3127 429 3181 diese
457 3127 570 3181 Moneta
598 3128 732 3196 (officina)
761 3143 809 3196 ge·
863 3127 1039 3197 burtsgdttin
1071 3126 1244 3182 namentlich
1278 3144 1334 3182 von
1370 3128 1427 3182 den

251 3200 347 3251 nannt.
394 3196 492 3252 Cicero
519 3197 631 3252 scheint
654 3198 727 3266 hier,
755 3197 810 3252 wie
863 3199 973 3253 Frauen
995 3198 1116 3254 verehrt.
1160 3199 1261 3268 Spater
1284 3198 1427 3253 erscheint

251 3267 298 3321 die
334 3267 626 3338 Zusammenstellung
659 3268 713 3322 mit
754 3270 810 3323 den
865 3269 905 3324 sie
929 3269 1001 3323 auch
1029 3270 1071 3324 als
1099 3268 1302 3338 Maeresgdttin
1329 3269 1426 3338 gleieb

251 3336 371 3408 nbrigen
390 3338 555 3393 abstrakten
569 3338 712 3409 Begriffen
725 3340 809 3409 lehrt‚
864 3339 1426 3411 dergriechischenheukothea.S.o.§e9.

251 3409 347 3480 gleich
364 3408 460 3464 Livius
478 3408 655 3464 Andronicus
673 3410 704 3464 in
718 3410 811 3465 seiner
901 3418 942 3467 16.
971 3410 1049 3467 Circe
1080 3412 1177 3466 wardo
1209 3411 1362 3467 besonders
1395 3411 1426 3465 in

252 3482 376 3550 Odyssea
386 3480 484 3549 (Prisc.
496 3480 541 3547 VI,
552 3485 577 3548 5,
588 3487 619 3549 e),
636 3480 683 3536 die
697 3483 811 3538 Moneta
865 3480 967 3537 Circeii
985 3484 1028 3537 als
1047 3481 1125 3537 Heil·
1144 3483 1202 3537 und
1220 3482 1427 3552 Zaubergbttin

252 3552 294 3607 als
312 3549 490 3622 Μνημοσύνη
509 3550 695 3607 aufzufassen.
863 3555 983 3609 verehrt.
1009 3553 1120 3623 Wegen
1129 3554 1206 3608 ihrer
1220 3554 1429 3624 Abstammung

288 3628 313 3678 8.
322 3617 810 3691 hcecandefluxerunt‘dieVoraus-
864 3625 922 3694 vgl.
939 3625 1018 3680 Hom.
1030 3624 1082 3679 Od.
1092 3625 1125 3690 X,
1137 3631 1196 3681 135.

252 3688 812 3761 retrung’‚wiebaldnachheraadebcec
900 3703 1004 3764 autem,
1031 3695 1249 3765 ungewbhnlich
1276 3697 1349 3751 statt
1376 3696 1428 3752 dee

251 3769 320 3819 uota
333 3770 407 3831 cunt,
421 3770 493 3830 §492
510 3766 584 3819 rende
605 3766 671 3821 baec
687 3772 811 3821 morcant.
865 3766 1037 3836 asyndeton,
1047 3767 1170 3822 welches
1179 3766 1218 3820 im
1228 3769 1426 3836 argumentum

289 3840 313 3888 9.
333 3835 446 3890 colimus
464 3841 489 3890 et
506 3838 669 3905 accepimus,
688 3854 753 3890 man
769 3853 810 3890 er·
867 3854 882 3892 e
901 3836 1042 3892 contrario
1061 3836 1108 3892 die
1120 3838 1216 3908 ¹Regel
1235 3837 1281 3893 ist,

252 3904 604 3977 wartetdieumgekehrte
614 3907 811 3977 Reihenfolge.
900 3909 1045 3978 Pasiphae,
1073 3907 1136 3963 eine
1155 3907 1346 3978 Mondgbttin‚
1371 3907 1425 3964 Ge·

253 3977 387 4044 S.11‚1so
401 3996 423 4032 z.
437 3980 549 4033 inventa
567 3980 668 4033 animo,
865 3979 972 4033 mahtin
1000 3980 1050 4034 des
1077 3978 1178 4037 Minos.
1216 3979 1254 4033 Es
1280 3979 1352 4033 wird
1380 3979 1427 4034 ein

286 4047 412 4117 Serapim
425 4050 553 4118 Isimque.
570 4048 628 4103 Der
638 4048 706 4103 Kult
720 4049 813 4104 dieser
866 4050 983 4120 Tempel
1001 4051 1152 4106 derselben
1165 4050 1196 4104 in
1209 4051 1260 4106 der
1273 4050 1355 4106 Ndhe
1370 4067 1426 4105 von

252 4118 439 4188 Egyptisohen
458 4119 624 4175 Gottheiten
645 4120 713 4173 fand
737 4123 811 4175 trote
865 4121 967 4192 Sparta
985 4122 1121 4190 arathus
1146 4121 1177 4176 in
1195 4121 1332 4177 welchem
1360 4138 1426 4176 man

252 4189 680 4314 c
694 4190 812 4316 err
864 4192 1199 4318 acernam
1315 4193 1352 4249 ⁶0

504 4280 517 4313 r
783 4279 811 4315 m
880 4305 886 4330 ‚
935 4306 940 4317 .
982 4280 1040 4318 aus.
1096 4306 1103 4331 ,
1168 4280 1188 4321 1.

252 4330 391 4400 Eingang.
429 4330 542 4400 Serapis
560 4330 657 4384 wurde
676 4332 718 4384 als
733 4331 810 4385 Heil-
900 4334 1054 4403 Aeete,der
1067 4307 1237 4390 latiniiierte
1250 4333 1426 4405 Nominatiu

251 4403 318 4469 gott
326 4399 527 4470 mitAeskulap
535 4403 812 4471 zusammengestellt
866 4403 919 4459 wie
939 4404 1017 4460 Varr.
1032 4406 1058 4458 d.
1073 4423 1096 4459 r.
1110 4423 1133 4462 r.
1147 4406 1249 4476 I{,1,a
