3017 4800
198 225 261 289 126

583 219 638 311 aa·
652 175 807 274 aarum
826 218 990 276 aroana.

196 406 259 471 que
282 383 503 469 prudentiam,
526 406 663 469 quarum
688 387 739 448 est
758 383 922 448 cotidiana
941 383 1135 449 conveniens
1155 386 1376 468 constansque

197 473 374 558 conversio,
393 495 453 538 nec
472 472 596 537 habent
615 472 779 537 aetherios
799 495 912 538 cursus
930 495 1036 557 neque
1055 473 1143 538 caelo
1159 472 1377 556 inhaerentes,

195 568 234 627 ut
265 562 412 647 plerique
444 562 557 627 dicunt
588 561 744 646 physicae
776 561 914 627 rationis
942 561 1058 648 ignari.
1104 560 1181 627 Non
1208 565 1260 626 est
1286 560 1376 625 enim

196 650 338 717 aetheris
371 673 410 716 ea
439 656 572 736 natura,
604 656 642 715 ut
668 651 702 716 vi
729 673 789 715 sua
816 651 928 716 stellas
954 651 1122 735 complexa
1145 653 1377 736 contorqueat3

195 763 273 805 nam
304 740 413 806 tenuis
445 763 486 806 ae
514 742 685 824 perlucens
714 744 748 804 et
775 739 938 824 aequabili
966 739 1073 804 calore
1096 740 1237 805 suffusus
1261 737 1411 805 aethera

142 843 263 894 5511511
286 829 367 894 satis
391 833 487 913 aptus
512 829 552 893 ad
576 829 687 894 stellas
712 828 926 894 continendas
946 828 1085 895 videtur.
1120 827 1377 915 Habentigitur

196 941 289 983 suam
325 918 497 1003 sphaeram
531 919 645 983 stellae
676 917 859 983 inerrantes
892 917 934 982 ab
967 916 1113 982 aetheria
1146 916 1384 982 coniunctione

196 1011 356 1072 secretam
389 1011 422 1072 et
453 1007 600 1072 liberam.
646 1007 771 1072 Earum
802 1010 913 1072 autem
944 1029 1102 1090 perennes
1133 1028 1245 1072 cursus
1276 1010 1376 1091 atque

195 1096 346 1181 perpetui
370 1118 443 1161 cum
466 1096 652 1161 admirabili
675 1095 923 1182 incredibilique
947 1095 1133 1161 constantia
1154 1094 1378 1160 declarant-in

194 1184 247 1250 his
270 1185 338 1250 vim
362 1188 395 1249 et
417 1190 561 1249 mentem
585 1207 657 1250 esse
679 1184 837 1269 divinam,
859 1189 910 1269 ut,
933 1184 1014 1250 haec
1035 1185 1109 1269 ipsa
1133 1184 1189 1269 qui
1211 1207 1280 1250 nou
1302 1205 1376 1249 sen·
1396 1208 1430 1248 re

195 1274 259 1338 tiat
282 1274 416 1339 deorum
438 1273 506 1339 vim
528 1274 663 1359 habere,
685 1274 714 1339 is
736 1273 821 1338 nihil
845 1273 977 1339 omniuo
1001 1296 1155 1339 sensurus
1179 1296 1251 1339 esse
1269 1273 1377 1340 videa·

143 1377 177 1427 56
196 1366 259 1427 tur.
309 1360 410 1428 Nulla
441 1362 545 1450 igitur
577 1363 613 1429 in
645 1364 734 1428 caelo
766 1386 827 1428 uec
858 1363 992 1428 fortuna
1022 1385 1083 1428 nec
1115 1362 1283 1428 temeritas
1313 1384 1376 1428 uec

196 1452 317 1516 erratio
339 1474 400 1517 uec
422 1452 551 1517 vanitas
575 1452 662 1518 inest
680 1457 859 1538 contraque
878 1452 984 1517 omnis
1004 1452 1096 1537 ordo,
1120 1451 1256 1537 veritas,
1279 1452 1378 1537 ratio,

197 1540 395 1626 constantia3
433 1564 579 1627 quaeque
611 1540 663 1605 his
695 1546 814 1606 vacant
846 1541 1004 1630 ementita
1036 1545 1070 1606 et
1100 1540 1185 1606 falsa
1214 1542 1378 1628 plenaque

196 1630 331 1714 erroris,
362 1652 400 1695 ea
427 1631 549 1697 circum
577 1635 682 1696 terras
710 1630 797 1695 infra
824 1631 950 1713 lunam,
982 1652 1065 1714 quae
1089 1630 1234 1696 omnium
1257 1630 1384 1695 ultima·
1397 1653 1426 1695 15

196 1722 260 1803 551,
295 1719 332 1783 in
368 1719 530 1806 terrisque
566 1724 747 1785 versantur.
804 1717 1001 1785 Caelestium
1038 1741 1117 1806 ergo
1150 1719 1377 1784 admirabilem

196 1807 343 1872 ordinem
372 1808 660 1893 incredibilemque
690 1809 924 1893 constantiam,
959 1831 998 1873 ex
1028 1830 1093 1893 qua
1115 1808 1320 1874 conservatio
1341 1813 1385 1874 et·

195 1897 283 1961 salus
312 1897 456 1961 omnium
485 1898 591 1963 omnis
615 1897 732 1982 oritur,
761 1897 817 1982 qui
838 1920 954 1963 vacare
983 1900 1092 1962 mente
1115 1900 1224 1982 putat,
1251 1897 1280 1962 is
1303 1897 1383 1983 ipse

142 2000 177 2050 57
196 1986 316 2049 mentis
341 2008 455 2069 expers
477 1986 645 2051 habendus
667 1992 726 2051 est.
772 1985 870 2052 Haud
889 2008 981 2074 ergo,
1004 1992 1043 2051 ut
1062 1986 1192 2072 opinor,
1215 2008 1379 2073 errarem,

231 2200 255 2249 2.
274 2195 569 2250 rachatentaetlrerios
581 2212 685 2252 carena
706 2196 758 2251 Die

195 2264 394 2336 Bewoguugen
412 2267 464 2321 der
481 2266 626 2321 Fixsterne
644 2268 759 2323 werden

195 2336 276 2395 nicht
289 2337 510 2412 hervorgqrufeu
525 2339 614 2393 durch
629 2339 682 2394 deu
691 2338 756 2393 Um-

196 2409 333 2479 schwung
347 2409 397 2464 des
412 2410 527 2478 Athens,
547 2410 610 2466 eine
625 2410 757 2481 Ansicht,

196 2480 758 2552 welcheXenophanes,Anaxagoras‚De·

194 2551 302 2606 moluit
310 2554 460 2607 vertrateu.
471 2585 505 2594 --
515 2570 573 2621 nee,
588 2555 757 2610 adversativ.

229 2640 315 2693 neque
332 2624 405 2679 caelo
419 2625 596 2681 inhaerentes.
623 2624 676 2680 Die
696 2625 757 2679 Fir·

195 2696 288 2749 sterne
305 2694 368 2749 sind
384 2694 465 2749 nieht
481 2696 535 2750 wie
550 2696 641 2767 Nagel
658 2697 689 2751 iu
706 2698 758 2752 das

194 2764 757 2839 Firmameuteingesahlagenuudt'olgeu

194 2836 757 2962 derBeweguulqdesletztereu,wienna-

193 2907 319 2962 ximenes
327 2909 383 2963 und
403 2910 756 2979 ampedolrlesaunahmen

194 2979 314 3034 sonderu
330 2980 370 3034 sie
381 2981 474 3035 haben
483 2980 545 3036 ihre
556 2981 638 3047 elane
648 2981 757 3047 sabare

193 3050 252 3104 und
275 3050 336 3104 ihre
365 3052 558 3122 selbsthndige
583 3053 753 3123 Bevregung.

194 3120 286 3175 Weuu
307 3138 336 3175 es
355 3120 394 3175 im
413 3121 571 3192 Gegensatz
589 3141 621 3176 zu
640 3140 756 3178 unserer

195 3191 370 3247 StelleTusc.
378 3192 410 3262 V,
420 3193 649 3249 69heisstzsidera
656 3196 754 3251 vident

808 2194 902 2266 Ι51151,
929 2198 1021 2252 lauter
1058 2192 1214 2266 Ordnung’.
1261 2195 1377 2252 Ebenso

812 2270 1005 2334 1581511515
1027 2275 1156 2335 ornatas,
1184 2267 1220 2321 ad
1238 2266 1303 2323 fam.
1326 2267 1375 2337 IV,

812 2346 837 2409 4,
848 2356 877 2397 s:
897 2342 977 2397 enias
994 2357 1041 2412 epo
1059 2357 1121 2395 cam
1143 2340 1218 2394 amni
1236 2340 1380 2409 probitate

812 2429 971 2482 summaque
992 2416 1106 2478 virtute,
1130 2418 1188 2467 tarn
1210 2412 1311 2467 stadiis
1329 2412 1375 2467 de·

814 2485 901 2541 lector.
923 2484 974 2537 Die
984 2483 1136 2551 folgenden
1147 2483 1244 2537 Worte
1259 2483 1377 2537 wurdeu

814 2554 874 2609 sich
911 2555 1086 2624 vollstiindig
1123 2553 1276 2608 chiastiseh
1313 2557 1376 2608 ent·

812 2626 962 2696 sprechen,
987 2644 1069 2680 weun
1092 2627 1159 2681 ordo
1187 2624 1263 2680 seiae
1284 2623 1378 2680 Stelle

811 2697 883 2751 uach
902 2699 1003 2753 ceritas
1020 2698 1108 2752 115115.
1138 2696 1191 2751 Die
1207 2702 1301 2751 horres
1325 2713 1375 2751 ou·

811 2768 966 2823 dierenden
998 2768 1113 2823 Glieder
1149 2768 1265 2822 ufirdeu
1298 2714 1377 2822 (1111111

812 2839 872 2893 55111
881 2842 996 2908 fortuna
1010 2871 1041 2881 -
1053 2842 1219 2907 constantia,
1238 2842 1378 2895 temeritas

812 2913 937 2979 -ratio,
956 2913 1107 2966 erratio-
1123 2912 1199 2979 ordo,
1212 2913 1325 2967 vanitas
1341 2942 1374 2951 -

810 2983 917 3037 ueritas.

846 3058 888 3108 15.
908 3055 1030 3109 omniura
1057 3071 1094 3109 sc.
1118 3055 1267 3109 stellarum.
1303 3052 1375 3108 Zum

809 3121 965 3179 Godanlren
987 3125 1043 3193 vgl.
1066 3125 1101 3178 de
1118 3143 1139 3179 r.
1159 3125 1313 3195 p.V1,1v:
1341 3126 1376 3180 in

809 3197 904 3263 infimo
931 3199 994 3252 orbe
1021 3198 1089 3251 lana
1117 3198 1208 3250 radiis
1238 3197 1304 3251 solis
1327 3213 1373 3252 ac·

193 3264 408 3318 innarrrerabilia
424 3266 495 3319 caelo
507 3266 678 3320 inhaerentia
691 3283 752 3322 arm
807 3282 888 3322 censa
908 3269 1081 3323 convertitur.
1108 3267 1194 3335 Infra
1208 3274 1298 3322 antem
1312 3282 1377 3321 earn

193 3335 753 3406 eiusipeiasmotnconqrnerecertisinfiaa
807 3339 882 3393 nibil
909 3345 947 3395 est
972 3339 1029 3393 aiei
1054 3340 1166 3394 mortale
1191 3344 1216 3393 et
1238 3338 1375 3393 5511555115

193 3407 311 3473 sedibus,
330 3422 361 3459 so
381 3406 500 3460 erkcuut
527 3424 593 3460 mun
620 3408 671 3462 das
698 3407 751 3463 Be·
803 3416 915 3479 praeter
957 3411 1064 3465 aninros
1107 3426 1218 3464 manae
1261 3411 1374 3465 acaum

194 3478 307 3532 strebeu
326 3477 376 3531 des
391 3477 505 3544 Balbus,
525 3478 579 3532 den
589 3478 754 3534 Fixsteruen
807 3481 947 3536 bominum
961 3482 1054 3552 paneri
1066 3481 1157 3549 dates,
1174 3482 1375 3550 caprulanum

194 3548 236 3602 als
255 3548 415 3618 gottlichen
430 3547 533 3603 Wesen
551 3550 612 3604 ihre
628 3549 754 3605 Freiheit

194 3637 228 3673 zu
246 3621 347 3673 retteu.

808 3559 875 3607 snat
892 3557 1003 3606 aeterna
1022 3554 1124 3607 annia.

847 3629 889 3678 17.
905 3625 1072 3679 caesenatia
1089 3654 1120 3663 -
1135 3624 1257 3678 omniane
1271 3624 1375 3677 omnis.

230 3696 254 3745 5.
274 3692 413 3758 aequabili
431 3692 517 3746 coiere
534 3693 670 3761 aaffmns,
690 3691 752 3747 eine
807 3692 861 3748 Die
881 3694 1107 3764 gevdhnlichere
1124 3694 1257 3760 Stellung
1274 3693 1375 3749 warde

193 3760 465 3831 Gleiehmttliiglveit,
481 3762 588 3817 welche
603 3763 692 3817 durch
706 3764 753 3818 die

193 3832 360 3902 Beruhrung
368 3831 421 3886 mit
429 3833 614 3903 derfeurigen
623 3833 760 3902 Sternen2

194 3904 261 3957 velt
279 3906 390 3973 gestbrt
407 3905 518 3959 werden
538 3905 638 3961 warde.

229 3980 254 4030 8.
265 3992 362 4030 carues
369 4005 398 4015 -
407 3992 468 4031 cam
475 4007 505 4016 -
514 3979 678 4032 mnstantia,
688 3978 752 4048 Vgl.

192 4046 227 4114 11,
238 4049 544 4102 ulzintroitasmuteis
556 4064 617 4103 cnm
628 4050 754 4118 (lacibus,

187 4119 244 4194 ΙΙΙΙ,
272 4125 318 4172 641
346 4121 458 4173 animas
476 4135 538 4174 eam
559 4121 751 4191 intellepentia.

194 4189 221 4245 S.
239 4193 263 4257 1,
278 4197 340 4245 302
366 4193 426 4246 sine
445 4206 562 4259 corpore.

230 4267 271 4316 13,
290 4269 450 4330 contraque,
468 4277 567 4330 vogen
585 4278 636 4332 qne
649 4279 671 4319 5,
686 4262 707 4330 l,
719 4267 752 4318 75

192 4349 215 4385 a.
229 4335 316 4401 sitque
329 4350 414 4402 para.

808 3764 1373 3835 55155115155155157155555555115.8150.

846 3843 887 3892 19.
915 3839 1012 3911 mentis
1039 3853 1134 3907 expers
1158 3838 1298 3892 habendus
1323 3843 1373 3892 est.

808 3906 873 3977 Vgl.
889 3906 935 3962 die
953 3906 1109 3978 Ausserung
1131 3907 1291 3963 Friedrichs
1320 3908 1373 3962 (155

809 3976 920 4034 Grollen
948 3978 978 4033 iu
1006 3981 1096 4035 einem
1124 3979 1285 4049 Gesprtche
1316 3977 1373 4034 mit

809 4048 926 4116 (150511,
938 4049 1088 4105 veraulallt
1095 4050 1183 4105 durch
1191 4050 1238 4104 die
1248 4049 1374 4105 Lehtdre

809 4120 901 4175 dieser
915 4121 1016 4176 Stella:
1036 4121 1092 4191 Oh,
1106 4139 1173 4177 mon
1187 4122 1256 4191 ami,
1274 4121 1298 4175 si
1312 4120 1370 4176 l’on

806 4188 930 4247 u'admet
947 4209 999 4262 pas
1022 4210 1060 4246 un
1088 4195 1147 4247 5115
1171 4195 1374 4247 conservatam·

807 4263 843 4317 de
862 4266 908 4318 eet
924 4263 1050 4332 univers,
1070 4263 1092 4318 il
1110 4263 1172 4318 faut
1186 4262 1267 4318 avoir
1279 4263 1370 4333 perdn

806 4333 834 4388 le
853 4350 917 4389 sens
936 4352 1078 4403 commun,
1097 4337 1161 4389 tant
1174 4335 1218 4389 ‘de
1241 4334 1294 4388 11115
1319 4334 1369 4388 ad·

228 4405 316 4457 menie
351 4405 431 4472 ordo,
467 4406 568 4459 omnis=
600 4403 752 4473 qualitativ
806 4403 954 4475 mirables,
977 4409 1040 4461 taut
1063 4407 1098 4461 de
1122 4422 1238 4476 moyena
1260 4422 1373 4477 poury
