3017 4800
455 250 523 307 LIB.
537 251 585 307 111.
610 250 687 306 OAP.
704 257 781 307 1—3.
801 257 910 318 §4-7,
1219 256 1283 322 189

99 415 207 481 nobili
230 437 330 500 quam
353 437 550 500 quemquam
572 414 754 499 principem
779 413 974 481 Stoicorum.
1011 411 1157 501 Cumque
1176 416 1283 481 omnis

100 505 217 590 populi
240 503 384 569 Romani
405 504 523 590 religio
546 504 582 567 in
605 525 699 569 sacra
722 508 755 568 et
777 504 813 568 in
836 504 981 588 auspicia
1005 504 1109 569 divisa
1131 505 1189 589 sit,
1217 509 1283 570 ter-

102 594 188 659 tium
215 593 406 658 adiunctum
433 592 490 677 sit,
519 592 547 657 si
575 593 653 678 quid
679 592 912 677 praedictionis
937 615 1035 659 causa
1057 616 1097 658 ex
1118 595 1283 678 portentis

102 688 136 747 et
154 682 312 747 monstris
329 680 474 766 Sibyllae
487 681 684 766 interpretes
699 682 929 767 haruspicesve
942 687 1148 768 monuerunt,
1166 682 1284 747 harum

68 792 165 858 sego
196 770 394 857 religionum
422 771 548 835 nullam
577 793 734 856 umquam
762 771 1032 836 contemnendam
1053 771 1168 856 putavi
1191 771 1285 836 mihi·

103 883 166 946 que
184 860 234 924 ita
251 859 414 944 persuasi,
432 858 610 924 Romulum
629 859 798 946 auspiciis,
817 858 961 925 Numam
976 860 1077 926 sacris
1092 859 1283 926 constitutis

101 949 317 1014 fundamenta
342 948 459 1013 iecisse
481 952 615 1014 nostrae
639 949 797 1034 civitatis,
827 971 910 1034 quae
932 971 1112 1035 numquam
1134 948 1282 1034 profecto

104 1038 176 1105 sine
209 1060 338 1103 summa
369 1036 553 1122 placatione
581 1038 716 1103 deorum
742 1037 980 1103 immortalium
1008 1043 1101 1103 tanta
1129 1061 1200 1103 esse
1226 1061 1284 1123 po-

102 1127 233 1193 tuisset.
272 1126 397 1211 Habes,
420 1126 536 1213 Balbe,
560 1127 638 1212 quid
657 1125 769 1213 Cotta,
793 1127 871 1213 quid
893 1126 1043 1212 pontifex
1066 1128 1201 1212 sentiat3
1230 1127 1284 1193 fac
1303 1138 1319 1188 6

57 1237 85 1278 ro
101 1239 192 1281 nunc
216 1238 277 1302 ego
299 1216 502 1302 intellegam,
526 1220 563 1281 tu
587 1216 665 1302 quid
689 1217 820 1282 sentias.
867 1215 954 1281 Ate
978 1217 1065 1281 enim
1085 1216 1284 1302 philosopho

102 1305 267 1370 rationem
297 1305 443 1389 accipere
473 1305 574 1370 debeo
604 1305 788 1392 religionis,
817 1305 997 1371 maioribus
1027 1309 1138 1372 autem
1159 1306 1284 1371 nostris

104 1394 206 1459 etiam
227 1394 319 1459 nulla
341 1394 469 1459 ratione
491 1394 619 1459 reddita
642 1394 781 1460 credere.
822 1394 906 1459 Tum
928 1394 1065 1461 Balbus:
1096 1393 1201 1470 Quam
1223 1395 1324 1481 igi-3

103 1488 160 1548 tur
184 1506 203 1548 a
226 1506 278 1548 me
299 1483 475 1569 rationem,
504 1483 626 1569 inquit,
657 1479 769 1569 Cotta,
799 1483 985 1549 desideras?
1030 1484 1076 1549 Et
1098 1483 1168 1548 ille:
1202 1482 1285 1559 Qua·

105 1572 293 1657 dripertita,
325 1571 447 1657 inquit,
478 1571 544 1637 fuit
572 1572 688 1637 divisio
716 1578 788 1658 tue,
819 1573 962 1657 primum
985 1577 1023 1637 ut
1045 1573 1145 1637 velles
1169 1572 1284 1637 docere

60 1662 184 1726 ledeos
216 1683 301 1746 esse,
333 1661 449 1727 deinde
481 1662 593 1747 quales
627 1666 750 1746 essent,
782 1665 854 1726 tum
886 1662 927 1726 ab
959 1661 1001 1726 iis
1025 1661 1182 1726 mundum
1203 1660 1284 1746 regi,

104 1754 273 1835 postremo
292 1751 461 1815 consulere
479 1772 535 1815 eos
553 1750 651 1815 rebus
670 1749 831 1815 humanis.
868 1749 971 1835 Haec,
991 1749 1126 1815 sirecte
1140 1748 1284 1833 memini,

105 1839 242 1924 pertitio
265 1838 338 1904 fuit.
367 1887 369 1890 ι
396 1838 616 1925 Rectissume,
647 1839 757 1925 inquit
776 1838 912 1924 Balbus3
936 1839 993 1904 sed
1015 1843 1182 1924 exspecto,
1206 1838 1284 1924 qnid
1321 1910 1324 1915 ,

104 1950 141 1993 re
164 1951 262 1993 unas.

143 1951 165 2013 q
195 2017 280 2081 Tum
303 2014 414 2082 Cotta:
444 2016 592 2083 Primum
615 2018 758 2103 quidque
780 2017 961 2102 rideamus,
984 2016 1106 2102 inquit3
1130 2021 1176 2102 et,
1199 2016 1228 2081 si
1250 2016 1285 2080 id
1295 1997 1319 2079 ’7

59 2128 88 2168 2⁰
106 2111 158 2171 est
180 2106 335 2191 primum,
359 2107 447 2191 quod
468 2107 556 2171 inter
579 2129 691 2171 omnes
709 2106 776 2171 nisi
794 2106 968 2171 admodum
985 2105 1105 2191 impios
1125 2106 1285 2190 convenit,

106 2195 189 2259 mihi
212 2195 343 2280 quidem
366 2218 405 2260 ex
427 2196 537 2261 animo
561 2196 652 2260 exuri
672 2217 741 2261 non
762 2199 886 2280 potest,
910 2195 1095 2279 essedeos,
1117 2195 1152 2259 id
1174 2199 1286 2260 tamen

106 2285 229 2368 ipsum,
262 2285 349 2369 quod
381 2284 463 2348 mihi
495 2307 687 2370 persuasum
720 2289 771 2350 est
801 2285 998 2350 auctoritate
1021 2284 1195 2368 maiorum,
1228 2306 1285 2349 cur

106 2373 155 2439 ita
183 2374 242 2460 sit,
270 2373 354 2438 nihil
381 2378 419 2439 tu
442 2396 493 2439 me
517 2375 621 2441 doces
669 2372 754 2451 Quid
778 2378 842 2460 est,
871 2374 980 2459 inquit
1003 2373 1140 2460 Balbus,
1171 2373 1199 2439 si
1222 2372 1285 2439 tibi

107 2484 301 2548 persuasum
324 2468 387 2547 est,
412 2486 468 2529 cur
491 2488 511 2529 a
534 2486 586 2529 me
608 2465 689 2530 velis
714 2463 860 2529 discere?
899 2463 983 2528 Tum
998 2461 1108 2528 Cotta:
1140 2461 1223 2538 Quia
1237 2463 1285 2528 sic

61 2573 89 2614 ss
107 2552 294 2639 adgredior,
316 2552 439 2639 inquit,
462 2553 503 2618 ad
520 2552 609 2619 hanc
624 2553 895 2639 disputationem,
916 2552 1010 2637 quasi
1027 2551 1112 2615 nihil
1129 2573 1285 2636 umquam

145 2805 170 2852 1.
193 2776 295 2852 omasi
316 2829 350 2839 -
382 2800 479 2869 rape
512 2830 546 2840 -
578 2800 670 2855 arvae
724 2799 817 2853 dieser
845 2797 1107 2867 Auuaesguuse
1139 2796 1193 2850 ma
1220 2796 1284 2851 aem

106 2870 144 2924 sit
163 2871 217 2923 etc.
240 2868 304 2938 Vgl.
325 2869 367 2923 De
386 2871 500 2941 harusp.
521 2887 593 2940 resp.
622 2875 668 2925 18:
745 2868 976 2938 hilosophisehen
1000 2867 1204 2938 Skepticismus
1235 2867 1285 2921 des

107 2942 257 3010 (maiores)
288 2947 376 2996 statos
401 2942 580 3011 solemnem
605 2943 669 2996 reli·
723 2889 809 2996 1detta
822 2940 970 2995 vereinbar
983 2939 1029 3005 ist,
1049 2939 1132 2993 daffir
1146 2938 1219 2991 wird
1232 2955 1285 2993 uns

105 3013 202 3082 pianes
221 3014 260 3079 (=
272 3019 365 3079 acac)
379 3015 560 3082 pontificatu,
578 3030 670 3068 rerum
724 3012 770 3066 die
789 3014 920 3066 Antwort
938 3010 1070 3080 schuldig
1088 3009 1248 3081 geblieben.

108 3085 174 3139 bene
191 3084 372 3153 poenarum
385 3085 562 3139 auctoritato
582 3101 670 3155 auce
761 3108 803 3157 13.
825 3102 1046 3172 puerperae,
1066 3118 1087 3156 s.
1101 3099 1136 3168 11,
1147 3105 1173 3155 s.

107 3156 168 3278 22'0,
193 3157 316 3238 [aprum
344 3161 442 3239 vetere
467 3157 671 3224 paularim
761 3198 776 3257 ς
810 3196 905 3247 7-19,
958 3192 1070 3243 urerer
1105 3190 1286 3254 Haupttess.

132 3225 251 3309 1²⁰}le
264 3232 358 3280 ”amm
371 3227 465 3293 lm*
479 3233 670 3312 pmfnlml‘m
724 3265 834 3316 Kritik
866 3264 924 3316 der
956 3263 1122 3317 stoischen
1147 3263 1287 3314 Beweis·

107 3300 280 3365 captatores
308 3296 492 3353 Etruscorum
521 3299 672 3368 decuplam
723 3337 868 3400 ffihmng
899 3336 953 3387 ffi,
984 3334 1044 3386 d„
1075 3335 1198 3386 nasein
1230 3333 1287 3385 (101

107 3372 435 3436 ‘mm
532 3457 554 3494 ε·
568 3440 634 3509 a
647 3447 671 3495 τ-
725 3410 903 3531 ested
930 3403 1287 3529 usdrusu

108 3508 671 3650 mzvgtbtffldwgffifflgqffl‘
726 3547 782 3602 die
799 3546 923 3602 Gotter
942 3563 977 3600 so
996 3544 1200 3614 allgemein‚
1225 3544 1287 3599 wie

108 3670 132 3706 ²·
146 3651 624 3795 esrum
643 3743 672 3795 p·
725 3686 1288 3816 sautristaremur

108 3794 206 3862 llvffi‘
222 3796 518 3865 affiplclssl'lmmum
532 3798 672 3852 ⁰b⁸⁰⁶¹⁴l¹⁴⁸
726 3833 867 3901 wellen,
888 3833 968 3886 eher
991 3831 1075 3885 dazu
1099 3831 1286 3900 angethan,

109 3865 311 3922 almum·
353 3867 672 3994 U'bemcmidilss
727 3902 1288 3958 denGlaubenandieselbenzu
1403 3919 1406 3924 ’

610 3590 672 3652 ‚¹⁰
726 3619 786 3673 die
822 3618 962 3673 Stoiker
995 3617 1211 3687 behaupeen,
1251 3632 1287 3670 ⁸0

108 3925 672 4063 mffffdoetllfifflgnisse'nfflff’ffio
726 3972 1286 4045 untergraben,alszubefestigen.

110 4079 344 4149 vorhergehende
398 4051 592 4150 Ertrterung’
625 4098 671 4134 au·
764 4069 806 4118 19·
824 4063 951 4118 Primum
969 4065 1099 4133 quidque,
1123 4080 1144 4117 Β·
1165 4080 1188 4117 2·
1207 4062 1286 4129 11⁷⁷·

113 4149 355 4205 sammenfassend
377 4152 435 4205 und
460 4152 671 4207 abschliessend.
763 4158 806 4206 21.
825 4153 893 4206 mebi
910 4153 1018 4221 quidem
1022 4193 1032 4220 ,
1051 4151 1215 4220 Asyndeton
1238 4149 1287 4203 ad-

111 4218 149 4274 Es
174 4220 250 4290 folgt
274 4222 378 4275 darauf
399 4222 592 4293 gewdhnlich,
620 4222 672 4276 wie
726 4221 908 4277 versativum.

111 4289 187 4355 hier,
211 4291 258 4347 die
280 4293 493 4364 Ankflndigung
515 4294 565 4349 des
582 4310 673 4350 neuen
763 4296 857 4362 esuri,
885 4293 932 4347 die
961 4293 1110 4364 Metapher
1139 4290 1178 4346 ist
1208 4290 1289 4346 nicht

111 4360 240 4419 'l'hemea
726 4365 837 4419 kfihner
851 4365 893 4418 als
907 4366 975 4435 lepos
988 4365 1076 4420 alicui
1085 4366 1196 4419 inurere
1209 4359 1288 4433 ‘iem

150 4440 192 4489 12.
214 4436 295 4491 nollo
321 4438 429 4493 ratione
456 4437 572 4493 reddito.
609 4435 673 4492 Wie
727 4434 845 4491 Geretae
864 4434 1051 4504 aufdrtngen'
1071 4454 1099 4506 p.
1113 4434 1174 4490 Mil.
1193 4441 1236 4490 33.
