3017 4800
227 301 291 367 198
613 296 663 349 ΒΕ
683 294 838 350 NATURA
855 294 1018 350 DEORUM.

226 459 413 526 Chalcidico
436 459 561 543 Euripo
585 458 620 523 in
642 463 736 523 motu
758 458 936 523 identidem
954 458 1185 542 reciprocando
1208 463 1307 543 putas
1333 458 1407 523 fieri

224 572 321 634 posse
345 547 573 614 constantius?
597 547 675 633 quid
697 546 784 612 freto
809 546 994 613 Siciliensi?
1018 547 1096 632 quid
1121 546 1243 612 Oceani
1272 546 1404 612 fervore

224 639 290 703 illis
313 638 349 702 in
371 637 452 703 locis

313 689 508 811 Europdm
529 724 770 810 Libyamque
793 748 914 810 rapax
936 724 1003 789 ubi
1026 724 1169 789 dividit
1190 724 1313 790 unda?

226 815 333 892 Quid?
356 820 467 880 aestus
490 813 648 880 maritimi
670 815 722 879 vel
743 812 980 899 Hispanienses
1002 814 1054 878 vel
1072 812 1256 879 Britannici
1274 835 1437 879 eorum-s

226 928 288 991 que
312 905 410 970 certis
434 903 638 989 temporibus
661 903 713 968 vel
736 924 886 969 accessus
909 903 961 968 vel
983 924 1130 968 recessus
1154 902 1224 968 sine
1247 903 1308 968 deo
1331 903 1406 968 fieri

223 1016 292 1059 non
313 993 474 1079 possunt?
521 991 618 1077 Vide,
642 1013 777 1078 quaeso,
800 992 829 1057 si
849 1014 961 1057 omnes
980 996 1089 1057 motus
1109 991 1296 1078 omniaque,
1320 1014 1405 1077 quae

225 1083 323 1148 certis
347 1081 551 1166 temporibus
575 1081 722 1146 ordinem
753 1104 849 1146 suum
881 1085 1089 1165 conservant,
1117 1080 1227 1146 divina
1254 1080 1405 1165 dicimus,

224 1194 265 1237 ne
288 1171 448 1237 tertianas
473 1192 601 1255 quoque
623 1169 732 1235 febres
764 1175 797 1235 et
827 1174 1004 1256 quartanas
1036 1169 1162 1235 divinas
1194 1192 1265 1235 esse
1295 1170 1405 1235 dicen·

225 1261 303 1325 dum
327 1260 384 1344 sit,
429 1281 546 1323 uarum
569 1259 754 1324 reversione
783 1262 816 1324 et
845 1263 939 1324 motu
971 1259 1049 1344 quid
1081 1263 1193 1343 potest
1224 1281 1295 1324 esse
1329 1281 1405 1324 oon-
1424 1280 1450 1319 ro

171 1348 390 1414 abstentius?
444 1348 483 1413 ed
497 1348 644 1413 omnium
662 1348 780 1413 talium
798 1370 907 1413 rerum
924 1348 1010 1413 ratio
1029 1348 1191 1412 reddenda
1210 1352 1269 1413 est.
1308 1346 1405 1424 Quod

224 1460 282 1503 vos
291 1460 363 1504 cum
373 1437 720 1522 facerenonpotestis,
735 1441 903 1522 tamquam
913 1437 948 1501 in
960 1459 1051 1502 aram
1061 1436 1241 1523 confugitis
1248 1437 1290 1501 ad
1297 1437 1403 1502 deum

314 1527 360 1592 Et
383 1524 588 1611 Chrysippus
621 1526 683 1590 tibi
715 1530 810 1591 acute
842 1526 948 1591 dicere
980 1525 1167 1611 videbatur,
1199 1525 1298 1591 homo
1332 1526 1403 1591 sine

209 1615 324 1681 dubio
353 1618 504 1681 versutus
538 1619 571 1680 et
608 1615 744 1680 callidus
782 1614 946 1700 (versutos
984 1637 1039 1680 eos
1077 1615 1220 1699 appello,
1262 1637 1404 1700 quorum

225 1704 374 1770 celeriter
405 1726 498 1769 mens
530 1708 692 1788 versatur,
725 1704 860 1769 callidos
892 1709 1016 1790 autem,
1048 1725 1200 1789 quorum,
1232 1707 1405 1789 tamquam
1425 1724 1451 1763 1⁵

225 1816 340 1859 manus
365 1815 462 1879 opere
499 1793 547 1858 sic
569 1793 697 1858 animus
711 1816 775 1858 usu
793 1790 998 1881 concalluit);
1020 1792 1049 1858 is
1073 1793 1193 1880 igitur:
1213 1790 1263 1858 ‘si
1277 1793 1404 1878 aliquid

224 1878 299 1967 est',
321 1882 441 1967 inquit,
478 1883 565 1967 quod
595 1882 695 1947 homo
728 1880 857 1947 efficere
888 1904 957 1947 non
985 1881 1106 1967 possit,
1137 1880 1193 1967 qui
1225 1881 1259 1945 id
1291 1881 1405 1967 effioit,

225 1971 341 2036 melior
364 1975 415 2035 est
436 1970 584 2056 homine3
607 1971 706 2036 homo
730 1975 840 2036 autem
861 1970 956 2057 haec,
980 1993 1063 2056 quae
1094 1971 1130 2035 in
1161 1971 1282 2036 mundo
1316 1975 1405 2056 sunt,

224 2059 353 2124 efficere
384 2081 452 2123 non
483 2063 607 2144 potest3
639 2060 696 2144 qui
727 2059 838 2145 potuit
868 2060 985 2146 igitur,
1016 2060 1046 2125 is
1077 2064 1225 2144 praestat
1260 2059 1404 2125 homini·

224 2147 351 2214 homini
374 2152 484 2212 autem
506 2152 673 2233 praestare
697 2149 770 2233 quis
788 2149 896 2233 possit
908 2149 974 2214 nisi
993 2149 1094 2214 deus?
1113 2152 1164 2214 est
1181 2148 1286 2235 igitur
1303 2149 1395 2215 deus.
1424 2170 1450 2209 so

225 2237 316 2302 Haec
339 2236 450 2302 omnia
479 2236 515 2300 in
546 2238 672 2321 eodem,
705 2260 770 2322 quo
802 2237 860 2302 illa
889 2236 1042 2324 Zenonis,
1075 2260 1184 2303 errore
1219 2243 1405 2304 versantur.

170 2337 206 2387 26
227 2324 312 2403 Quid
335 2325 422 2390 enim
445 2325 490 2390 sit
513 2325 643 2412 melius,
666 2325 744 2412 quid
767 2326 1011 2413 praestabilius,
1039 2326 1117 2413 quid
1139 2326 1226 2392 inter
1248 2332 1405 2392 naturam

225 2484 318 2538 sstzen
329 2481 786 2553 derll'otwendigkeitsohaffende
841 2483 968 2538 demiker
985 2485 1115 2554 verlangt
1132 2484 1246 2539 Grdnde
1264 2483 1310 2537 fur
1324 2484 1404 2539 disse

224 2554 308 2609 Kraft
325 2552 449 2621 auffallt,
473 2555 560 2608 nahm
579 2571 609 2609 er
626 2554 667 2608 im
692 2556 786 2610 ersten
840 2554 1081 2624 Erscheinungen.
1102 2556 1194 2610 Wenn
1209 2557 1278 2611 aber
1295 2554 1404 2610 Balbus

225 2625 334 2694 Buche,
363 2624 394 2679 in
422 2623 515 2681 seiner
541 2624 671 2680 Polemik
694 2643 787 2696 gegen
841 2625 953 2697 gezeigt
970 2626 1034 2695 hat,
1063 2625 1120 2680 dall
1147 2626 1194 2681 die
1221 2625 1301 2680 Welt
1327 2625 1405 2681 nach

224 2697 281 2750 den
307 2694 477 2766 Epikureer,
504 2703 610 2752 notura
645 2696 787 2752 vielmehr
841 2697 1000 2767 gottlichen
1019 2698 1107 2752 Ideen
1125 2696 1264 2768 geordnet
1286 2697 1341 2764 sei,
1371 2714 1403 2752 so

224 2767 265 2820 im
300 2765 443 2821 stoisehen
479 2766 567 2822 Sinne
603 2768 646 2821 als
681 2776 787 2823 aalma
840 2768 892 2822 hat
910 2784 941 2822 er
966 2767 1012 2822 fdr
1038 2768 1115 2824 diese
1141 2766 1405 2837 Gesotamassigkeit

224 2838 343 2894 matam
359 2844 385 2893 ct
402 2839 565 2909 intellepeac.
592 2837 620 2896 S.
640 2839 661 2907 l,
679 2845 727 2904 663
743 2845 786 2895 67.
841 2837 924 2893 einen
955 2840 1088 2894 bosseren
1115 2839 1213 2895 Grund
1240 2839 1403 2910 angefohrt,

262 2915 286 2964 1.
306 2909 463 2965 Chalcidico
481 2910 606 2980 Europa,
634 2910 685 2964 der
711 2910 786 2964 nach
841 2910 883 2963 als
893 2909 977 2964 Cotta
987 2909 1018 2979 je
1033 2909 1104 2963 wird
1116 2910 1320 2979 beizubringen
1338 2927 1404 2965 ver·

225 2980 276 3035 der
301 2979 385 3034 Stadt
403 2978 515 3035 Chalcis
539 2980 591 3034 auf
615 2981 714 3035 Eubba
735 2982 785 3036 be·
839 2986 951 3049 mogun.

224 3052 330 3105 nannte
349 3050 426 3105 Sund
449 3050 590 3106 awischen
607 3051 706 3107 Eubda
728 3053 786 3105 und
877 3057 919 3108 12.
937 3058 1078 3121 tamquam
1104 3054 1137 3107 ia
1159 3069 1253 3121 aram,
1272 3051 1327 3107 wie
1355 3052 1404 3108 die

224 3120 333 3175 Attika.
383 3120 441 3175 Das
473 3122 598 3192 Beispiel
635 3123 675 3177 ist
705 3122 786 3176 nicht
841 3120 941 3190 ἱκέται,
962 3121 1025 3177 eine
1049 3121 1292 3193 sprichwdrtliobs
1315 3123 1403 3178 Wen-

224 3192 347 3262 passend
372 3193 509 3261 gewtblt,
543 3193 580 3247 da
604 3193 710 3263 genade
738 3192 785 3248 die
839 3194 924 3263 dung,
945 3210 976 3247 so
995 3194 1027 3249 ia
1040 3211 1120 3250 aram
1137 3196 1297 3250 tribunatuo
1316 3196 1403 3264 (post.

224 3262 477 3332 unregelmdssigen
512 3262 702 3334 Strbmungen
734 3264 784 3320 des
838 3265 897 3319 red.
914 3272 965 3333 11),
985 3266 1023 3320 od
1040 3282 1119 3320 arom
1142 3267 1231 3338 lepram
1255 3266 1404 3337 coafuqere

224 3332 347 3403 Euripus
375 3333 602 3403 spriohwdrtlieh
634 3335 785 3403 geworden
840 3335 928 3403 (Verr.
943 3336 978 3402 ΙΙ,
989 3338 1026 3405 8).

222 3421 325 3459 waren.
362 3404 543 3475 Hipparchus
569 3405 597 3460 b.
618 3404 696 3460 Stob.
724 3406 785 3462 flor.
877 3413 1119 3463 macrensem
1132 3408 1240 3477 appello
1255 3410 1308 3463 etc.
1330 3405 1404 3462 Eine

223 3495 252 3547 p.
276 3481 339 3531 574:
373 3472 480 3531 ἄστατὰ
511 3495 541 3530 τε
581 3478 630 3530 καὶ
661 3472 786 3601 ἄβέςαια
839 3478 995 3533 besondere
1047 3477 1281 3549 Notwendigkeit
1324 3476 1404 3534 diese

226 3542 354 3616 Εὐρίπου
364 3544 478 3617 τρόπον.
487 3546 552 3617 Vgl
561 3546 716 3602 Liv.XXVI
731 3549 785 3615 Ι,6.
839 3550 946 3616 Worto,
965 3550 1036 3604 fiber
1050 3549 1136 3604 deren
1150 3549 1321 3620 Bedeutung
1333 3548 1405 3604 kein

261 3625 286 3674 4.
297 3618 440 3689 Europam
449 3619 620 3690 Libyamque
633 3622 686 3675 etc.
704 3619 787 3674 Nach
840 3619 1405 3690 Zweifelobwaltenkannetymologisch

225 3689 337 3743 Vahlen
355 3708 382 3759 p.
398 3695 432 3745 4⁶
452 3706 502 3744 aus
526 3689 597 3744 Eun.
621 3690 721 3747 Annal.
737 3691 785 3745 IX.
840 3690 1403 3759 auerklbren,isthiernichtvorhandem

224 3758 362 3814 Dasselbe
391 3758 467 3815 Citat
493 3761 568 3815 auch
594 3760 674 3818 Tusc.
696 3762 721 3829 Ι,
741 3767 784 3817 45.
839 3761 937 3817 Cicero
956 3762 1008 3816 hat
1029 3762 1092 3818 eine
1118 3761 1236 3832 gewisse
1263 3761 1404 3818 Vorliobe

224 3830 292 3900 Vgl.
301 3830 367 3885 Hor.
376 3847 460 3888 carm.
472 3832 520 3900 III,
529 3839 554 3899 3,
561 3847 600 3888 su:
619 3849 674 3902 qao
681 3834 787 3889 medias
839 3833 884 3887 ldr
902 3832 1084 3903 dergleichen
1100 3832 1325 3903 Bemerlrungen.

222 3903 317 3971 liquor
340 3904 455 3958 scarait
480 3902 615 3973 Europen
644 3906 680 3960 ab
705 3904 786 3973 Afro.
876 3910 918 3960 lo.
929 3910 1146 3974 tamquam=at
1162 3904 1189 3960 S.
1197 3905 1275 3971 l‚102
1284 3907 1405 3975 aquari.

262 3979 286 4028 9.
312 3975 448 4028 tertianas
464 4000 492 4019 =
509 3976 589 4030 tenio
613 3991 718 4046 quoquc
741 3977 787 4031 dte
876 3982 920 4031 21.
939 3976 1018 4031 Hace
1034 3977 1067 4030 ia
1085 3977 1174 4031 codem
1189 4007 1223 4017 —
1237 3992 1328 4031 errore
1345 3992 1406 4032 ocr-

224 4050 391 4100 reocrtcatca
840 4053 947 4102 contar.
994 4047 1057 4101 Von
1089 4046 1202 4101 Saehen
1232 4044 1304 4100 wird
1338 4063 1406 4101 aus·

263 4121 305 4170 10.
315 4113 639 4184 reversioncctmota,‘is
647 4114 695 4171 διὰ
705 4118 786 4172 δυοῖν
861 4119 953 4187 ssagt,
981 4134 1039 4171 was
1076 4116 1234 4188 cigentlieh
1263 4135 1318 4171 nur
1347 4134 1407 4173 von

219 4182 282 4240 ‘die
297 4185 475 4255 periodische
489 4186 721 4257 Erschfitterung,
736 4188 786 4242 llr-
840 4135 979 4243 lersonen
997 4188 1061 4258 gilt.
1085 4189 1150 4259 Vgl.
1165 4189 1187 4257 I,
1197 4195 1248 4244 ὅτε
1266 4190 1299 4243 ia
1312 4205 1408 4245 errore

224 4253 345 4326 regung’
362 4254 427 4327 Vgl.
442 4264 457 4323 5
472 4259 786 4314 aazmotiooretmuta-
840 4262 973 4315 sententio
1000 4266 1046 4315 est.
1084 4260 1166 4314 Tusa
1191 4261 1406 4330 I,107:oidcs‚
1499 4307 1500 4346 ,

223 4328 357 4394 diambus,
376 4333 391 4392 5
407 4334 453 4382 71:
472 4330 532 4383 sinc
548 4330 638 4383 animi
660 4335 735 4385 mota
762 4336 788 4385 ct
840 4337 943 4401 quanto
960 4331 1025 4386 boec
1042 4333 1075 4385 ia
1092 4347 1182 4386 errore
1198 4337 1350 4388 corceatur.

223 4399 397 4466 aptatam.
875 4407 918 4456 22.
939 4402 1014 4472 Quid
1026 4403 1064 4457 sit
1077 4403 1180 4469 melias,
1197 4404 1265 4473 quid
1313 4409 1406 4459 amto-

264 4472 305 4521 11.
323 4470 397 4523 ratio
414 4471 553 4525 reddendo
570 4477 616 4526 cst.
636 4470 693 4526 Der
710 4470 785 4525 Ake·
841 4473 932 4527 balias.
955 4472 1032 4526 Dazu
1051 4471 1090 4527 ist
1107 4489 1157 4528 aus
1172 4419 1409 4543 demfoldenden
