3017 4800
483 233 551 291 ms.
565 234 586 287 1.
602 233 680 289 ore.
695 239 742 300 so,
758 238 801 289 s1.
820 238 964 300 ess-sc.
1173 218 1192 231 ‘
1272 237 1314 304 75

132 402 230 482 atque
258 397 370 481 ipsum
399 397 463 462 sibi
491 396 676 481 displicere!
722 396 777 462 An
805 402 843 463 tu
870 397 936 462 mei
959 397 1100 463 similem
1122 402 1219 482 putas
1244 421 1313 464 esse

131 491 189 552 aut
211 485 262 551 tui
286 486 406 551 deum?
442 485 595 552 Profecto
618 508 686 553 non
707 491 815 571 putas.
852 485 937 562 Quid
958 487 1060 573 ergo?
1086 488 1189 553 solem
1207 487 1314 553 dicam

131 581 190 642 aut
217 576 330 640 lunam
354 580 412 641 aut
434 576 560 641 eaelum
583 574 701 640 deum?
746 575 837 662 Ergo
862 575 962 641 etiam
984 576 1140 642 beatum?
1187 575 1312 654 Quibus

129 665 297 731 fruentem
323 665 573 750 voluptatibus?
618 665 665 731 llt
693 665 899 750 sapientem?
946 663 1010 741 Qui
1040 670 1152 751 potest
1180 688 1250 732 esse
1277 667 1313 731 in

98 756 203 821 seius
234 754 325 820 modi
357 759 474 820 trunco
507 754 692 839 sapientis?
737 754 829 820 Haec
859 758 970 820 vestra
1003 760 1087 820 sunt.
1142 753 1177 820 Si
1209 756 1313 843 igitur
1331 767 1365 817 85

128 866 192 911 nee
214 844 358 909 humano
382 865 505 927 empore
522 849 596 908 erint
613 846 659 929 di,
683 844 771 929 quod
790 843 898 929 docui,
920 865 980 909 nec
1000 845 1060 909 tali
1078 844 1203 931 aliquo,
1226 845 1313 930 quod

130 933 196 999 tihi
217 933 267 998 ita
288 955 482 1018 persuasum
505 938 568 1019 est,
596 933 674 1018 quid
697 933 828 998 dubitas
850 955 971 1020 negare
995 933 1072 999 deos
1096 934 1189 1000 esse?
1234 932 1312 1000 Non

130 1023 241 1088 audes.
294 1021 467 1106 Sapienter
503 1023 537 1088 id
573 1022 718 1108 quidem,
754 1022 818 1087 etsi
853 1022 916 1088 hoc
950 1023 1023 1088 loco
1055 1044 1123 1088 non
1153 1024 1312 1108 populum

129 1112 267 1197 metuiS,
297 1112 354 1176 sed
382 1111 473 1196 ipsos
503 1112 590 1177 deos.
642 1110 730 1176 Novi
760 1133 821 1198 ego
852 1111 1034 1196 Epicureos
1063 1113 1172 1177 omnia
1202 1113 1312 1200 sigilla

82 1221 110 1262 ro
129 1205 340 1286 venerantes,
373 1223 571 1286 quamquam
593 1201 688 1266 video
711 1222 779 1266 non
800 1201 900 1266 nullis
923 1200 1027 1266 rideri
1049 1201 1243 1287 Epicurum,
1270 1224 1311 1268 ne

128 1292 168 1357 in
196 1291 409 1356 offensionem
436 1288 690 1356 Atheniensium
719 1290 861 1376 caderet,
889 1289 997 1355 verbis
1024 1290 1196 1376 reliquisse
1224 1291 1311 1377 deos,

128 1403 166 1445 re
197 1379 380 1446 sustulisse.
425 1379 541 1465 Itaque
570 1379 606 1443 in
635 1379 702 1444 illis
733 1379 864 1445 selectis
894 1380 963 1445 eius
994 1380 1212 1465 brevibusque
1242 1403 1313 1446 sen·

128 1456 372 1554 tentiiS,'quas
396 1468 569 1580 appellatis
593 1471 708 1552 κυρίας
731 1465 846 1554 δόξας,
873 1467 967 1555 haec,
990 1473 1028 1533 ut
1052 1469 1182 1554 opinor,
1205 1470 1311 1553 prima

129 1559 297 1624 sententia
327 1562 390 1623 est:
437 1556 545 1633 Quod
575 1557 732 1623 beatum
762 1562 801 1624 et
827 1558 1048 1623 immortale
1076 1562 1148 1643 est,
1177 1558 1215 1622 id
1241 1581 1311 1624 nec

81 1667 108 1708 15
128 1648 251 1714 habet
277 1669 346 1712 nec
373 1645 534 1712 exhibet
562 1647 741 1733 cuiqnam
768 1641 996 1733 negotium‘.
1043 1645 1083 1711 In
1105 1645 1167 1711 hac
1189 1647 1238 1711 ita
1261 1669 1312 1712 ex·
1331 1648 1371 1713 31

128 1737 242 1822 posita
269 1736 433 1801 sententia
460 1741 537 1801 eunt
560 1736 617 1821 qui
641 1736 843 1821 existiment,
871 1735 958 1820 quod
980 1735 1036 1800 ille
1059 1735 1191 1800 inscitia
1213 1736 1310 1820 plane

128 1825 287 1912 loquendi
316 1825 453 1911 fecerat,
482 1824 601 1890 fecisse
631 1826 796 1911 consulto,
828 1825 867 1890 de
894 1823 1027 1890 homine
1055 1824 1190 1890 minime
1217 1824 1309 1891 vafro

128 1915 216 1980 male
240 1914 438 1979 existimant.
480 1912 626 1980 Dubium
650 1919 701 1980 est
723 1914 824 1999 enim,
846 1917 958 1979 utrum
981 1914 1069 1979 dicat
1091 1914 1214 1999 aliquid
1238 1927 1364 1980 essese

128 2005 265 2069 beatum
285 2008 318 2068 et
336 2004 536 2089 immortale,
560 2027 616 2089 an,
639 2004 765 2088 siquid
785 2003 836 2069 sit.
878 2001 956 2068 Non
974 2003 1238 2069 animadvertunt
1255 2003 1310 2070 hic

80 2114 108 2154 ao
129 2116 206 2159 eum
229 2093 381 2178 ambigue
404 2094 552 2159 locutum
575 2115 660 2178 esse,
685 2093 742 2158 sed
765 2092 878 2158 multis
903 2093 976 2158 aliis
999 2093 1080 2158 locis
1104 2094 1254 2158 stillum
1277 2098 1311 2158 et

129 2182 356 2248 Metrodorum
384 2186 453 2246 tarn
481 2187 593 2267 aperte
619 2204 717 2267 quam
739 2183 838 2266 paulo
862 2186 938 2247 ante
961 2186 1004 2248 te.
1049 2181 1109 2247 Ille
1132 2204 1208 2248 vero
1232 2182 1309 2247 deos

168 2364 192 2413 1.
206 2358 262 2414 suti
283 2357 443 2429 displicere!
469 2356 536 2411 Man
559 2359 692 2413 erwartet
782 2363 808 2413 8.
834 2358 884 2414 ltoc
909 2359 975 2427 loco,
1001 2374 1045 2413 wo
1071 2357 1124 2412 wir
1148 2359 1232 2413 unter
1256 2374 1309 2413 uns

128 2432 198 2497 tibi‚·
216 2429 307 2484 durch
324 2430 380 2484 siti
397 2428 470 2483 wird
489 2428 539 2482 der
557 2428 693 2484 Godanke
747 2428 819 2485 sind.

128 2499 387 2570 verallgemeinert,
423 2499 459 2553 So
478 2500 618 2554 wirddas
637 2501 692 2556 Re·
785 2507 826 2555 12.
851 2501 956 2571 Itaque.
998 2500 1082 2555 Diese
1108 2499 1236 2555 Paitikel
1260 2517 1308 2570 ge·

129 2572 373 2642 flexivpronomen
413 2571 485 2625 auch
528 2571 601 2626 ohne
641 2571 692 2626 Be·
746 2572 814 2626 htrt
828 2571 984 2641 eigentlich
1002 2589 1035 2625 zu
1054 2571 1118 2626 dem
1136 2572 1189 2626 mit
1202 2572 1241 2627 Iu
1258 2573 1310 2628 hae

129 2644 254 2713 ziehung
286 2642 337 2697 auf
365 2641 412 2696 ein
447 2642 692 2712 vorhergehendee
747 2646 789 2698 tto
807 2644 1088 2712 repositu‘seuteutio
1110 2642 1309 2713 beginnenden

130 2714 253 2784 Subjelrt
272 2714 343 2768 dazu
359 2714 529 2784 gebraucht‚
548 2731 594 2767 um
609 2731 693 2768 unser
747 2713 915 2781 dedanim,
935 2713 999 2768 dem
1013 2713 1063 2767 der
1077 2713 1308 2784 vorhergehende

128 2782 692 2853 deutsches‘man‚einer'auszudrtiolren.
748 2784 814 2839 Sata
855 2787 938 2839 unter
959 2784 1076 2839 eordnet
1117 2784 1177 2839 sein
1215 2786 1308 2842 sollte.

128 2857 255 2927 Vg1.11{‚
264 2863 312 2913 88:
327 2873 382 2911 ase
391 2858 461 2926 ipso,
480 2857 568 2911 Acad.
578 2857 599 2924 l,
608 2862 633 2925 4,
646 2863 692 2913 16:
747 2856 829 2910 Denn
856 2873 909 2908 nur
937 2803 1026 2936 durch
1054 2854 1114 2922 die,
1137 2854 1196 2937 ,wie
1225 2854 1309 2911 Cotta

127 2931 196 2985 auec
219 2935 258 2985 est
275 2946 335 2985 uuo
353 2929 443 2984 ortuis
461 2928 613 2998 sapient-ia,
636 2945 694 2983 uou
746 2927 848 2995 meiat,
869 2925 1057 2980 absichtlrohe
1071 2925 1309 2996 Zwerdeutiglreit

128 3001 281 3068 arbitrari,
311 3016 339 3055 se
367 3001 450 3067 scire,
480 3000 553 3068 quod
580 3001 692 3055 umeiat.
747 2997 868 3069 Epikurs
895 2997 973 3051 kann
1001 2996 1051 3052 der
1079 2997 1144 3053 Sata
1169 2997 1309 3069 bestitigt

127 3072 184 3126 Ein
222 3069 369 3125 'ahnlicher
398 3070 532 3125 Weohsel
567 3071 620 3124 wie
658 3087 695 3124 an
747 3069 874 3138 werden,
902 3070 990 3143 cupis
1017 3071 1157 3139 reliquisse
1180 3071 1256 3138 deos,
1278 3071 1314 3126 rs

127 3158 248 3197 unserer
272 3142 360 3197 Stella
387 3142 477 3197 findet
504 3141 566 3196 sich
594 3147 693 3208 §1222
747 3141 896 3196 sustulisse.
949 3139 1088 3196 Ahnliohe
1124 3140 1307 3211 Nachltssig·

128 3215 286 3271 utilitatum
304 3230 428 3269 suarum.
746 3210 845 3266 lreiten
855 3211 905 3266 der
919 3210 1034 3266 Diction
1043 3211 1092 3267 bei
1105 3213 1197 3282 itaque
1210 3212 1306 3268 finden

165 3292 191 3340 2.
220 3287 301 3341 solem
315 3286 407 3340 dicam
430 3287 484 3340 etc.
515 3284 692 3339 Zusammen-
747 3283 808 3338 sich
822 3283 901 3337 Tusa.
917 3283 951 3352 Il,
963 3289 1006 3350 62,
1026 3284 1060 3338 de
1080 3285 1150 3339 orat.
1165 3284 1200 3352 ll,
1210 3289 1272 3341 217.

128 3358 220 3427 hang:
240 3355 284 3410 Da
301 3355 353 3409 wir
372 3356 496 3425 gesehen
509 3357 615 3424 haben,
636 3354 692 3410 dall
784 3360 826 3409 13.
846 3356 946 3425 κυρίας
965 3352 1064 3424 δόξας,
1084 3373 1105 3410 s.
1121 3361 1210 3422 §5433
1229 3361 1272 3410 46.

129 3429 177 3483 die
197 3427 299 3482 Gdtter
320 3427 401 3482 nicht
423 3427 693 3482 menschenahnlich
785 3431 825 3481 16.
845 3427 959 3481 inscitia
968 3426 1054 3495 pluue
1068 3428 1202 3495 loquendi.
1231 3426 1308 3481 Statt

129 3499 207 3567 sind,
233 3515 264 3554 so
285 3497 379 3553 bleibt
396 3516 450 3553 nur
467 3499 542 3553 noch
561 3499 610 3552 der
629 3498 692 3553 eine
749 3497 828 3568 Quod
846 3499 954 3553 beatum
972 3503 997 3551 et
1011 3498 1163 3553 immortale
1176 3503 1214 3553 est
1228 3497 1307 3551 hatte

129 3574 255 3641 Ausweg
279 3568 375 3639 fibrig,
403 3569 496 3624 Sonne
522 3569 580 3624 und
605 3569 692 3624 Mond
747 3585 779 3623 er
797 3567 910 3622 einfach
928 3569 994 3623 deus
1013 3584 1101 3638 sagen
1119 3568 1222 3635 sollen,
1242 3566 1308 3622 weil

128 3642 176 3697 fiir
200 3640 303 3696 Gotter
330 3659 364 3695 zu
390 3641 497 3695 hulten.
542 3640 619 3695 Aber
644 3641 692 3695 da·
747 3656 814 3693 man
833 3639 931 3694 diesen
946 3638 1010 3693 Sata
1029 3639 1103 3694 auch
1125 3638 1309 3695 kondioional

129 3730 224 3784 gegen
238 3712 382 3767 verwahrt
394 3710 441 3766 ihr
452 3711 607 3781 Epikureer
622 3712 693 3766 euch
747 3710 891 3764 autlassen
908 3708 993 3765 kann.

129 3785 184 3840 mit
202 3784 260 3838 den
277 3783 441 3839 bekannten
458 3783 692 3853 Schlagwdrtern.
783 3788 826 3836 21.
850 3782 1024 3837 Metrodorus
1049 3798 1098 3836 aus
1124 3781 1306 3854 Lampsalrua

129 3855 183 3911 Die
201 3856 316 3910 Wortez
334 3855 412 3926 Erpa
430 3855 512 3909 etium
531 3857 639 3910 beatum
659 3885 693 3895 -
747 3852 799 3907 der
815 3852 1076 3923 Lieblingssohfiler
1093 3854 1223 3925 Epikurs.
1242 3854 1306 3923 Vgl.

128 3926 291 3997 sapientia?
310 3925 374 3981 sind
400 3926 460 3980 also
480 3925 518 3978 im
539 3925 623 3979 Sinna
643 3926 692 3980 des
747 3925 1308 3997 §llsszEpieuricollepusapicutiaeund

129 3997 259 4053 Velleius
285 3997 463 4069 gesprochen
487 3997 577 4068 (Haec
603 4002 693 4053 uestro
747 3995 782 4049 de
801 3996 847 4052 fin.
863 3997 897 4063 ll,
909 4002 955 4051 92:
971 4013 1061 4066 paeue
1074 3998 1144 4053 alter
1157 3997 1308 4066 Epicurus.

129 4076 217 4139 suut).
747 4066 813 4122 Von
838 4066 935 4122 seinen
959 4068 1138 4123 zahlreichen
1167 4066 1310 4122 Schriften

166 4148 192 4199 ὅ.
211 4139 386 4209 truncadm·
394 4139 508 4209 Rumpf,
519 4140 584 4194 dem
596 4139 694 4210 Haupt
748 4137 812 4192 sind
830 4157 884 4193 nur
911 4138 1051 4209 eparliche
1069 4138 1238 4209 Fragmente
1267 4155 1308 4193 er·

130 4213 187 4267 und
206 4212 324 4268 Glieder
341 4212 445 4280 fehlen,
464 4211 524 4265 und
542 4211 606 4265 dem
631 4211 693 4265 des·
747 4210 855 4265 hellen.

130 4284 199 4339 halb
219 4283 325 4338 Gefi'ihl
344 4283 402 4337 und
417 4282 558 4337 Verstand
577 4282 692 4353 sbgeht.
784 4298 867 4352 quam
880 4283 968 4352 paulo
993 4287 1058 4337 aute
1080 4288 1106 4338 te
1129 4282 1200 4335 statt
1221 4282 1310 4351 poulo

166 4362 191 4412 6.
220 4356 275 4411 tali
306 4356 413 4425 αῖίςαο,
444 4353 498 4408 mit
523 4354 618 4424 Bezug
646 4353 698 4408 aul
748 4359 813 4408 aute
830 4360 862 4408 tu
881 4369 919 4407 so.
934 4355 1040 4408 loeutus
1057 4369 1093 4408 es.
1119 4351 1172 4407 Die
1192 4352 1308 4407 Attrah-

130 4428 212 4483 solam
231 4428 323 4483 dicam
339 4457 373 4467 —
390 4427 478 4482 deum.
747 4422 810 4477 tion
828 4422 892 4478 tritt
911 4423 965 4491 ein,
993 4423 1088 4477 indem
1116 4424 1190 4478 auch
1218 4423 1311 4479 dieser
