<?xml version="1.0" encoding="UTF-8"?>
<!DOCTYPE html PUBLIC "-//W3C//DTD XHTML 1.0 Transitional//EN"
    "http://www.w3.org/TR/xhtml1/DTD/xhtml1-transitional.dtd">
<html xmlns="http://www.w3.org/1999/xhtml" xml:lang="en" lang="en">
 <head>
  <title>
</title>
<meta http-equiv="Content-Type" content="text/html;charset=utf-8" />
  <meta name='ocr-system' content='tesseract 3.04.00' />
  <meta name='ocr-capabilities' content='ocr_page ocr_carea ocr_par ocr_line ocrx_word'/>
</head>
<body>
  <div class='ocr_page' id='page_1' title='image "./mtulliiciceroni00goetgoog_0195.png"; bbox 0 0 3017 4800; ppageno 0'>
   <div class='ocr_carea' id='block_1_1' title="bbox 301 257 1286 329">
    <p class='ocr_par' dir='ltr' id='par_1_1' title="bbox 301 257 1286 329">
     <span class='ocr_line' id='line_1_1' title="bbox 301 257 1286 329; baseline 0.008 -18"><span class='ocrx_word' id='word_1_1' title='bbox 301 257 370 315; x_wconf 89' lang='lat' dir='ltr'>LIB.</span> <span class='ocrx_word' id='word_1_2' title='bbox 384 259 419 314; x_wconf 91' lang='grc' dir='ltr'>ΙΙ.</span> <span class='ocrx_word' id='word_1_3' title='bbox 435 257 513 314; x_wconf 80' lang='lat' dir='ltr'>CAP.</span> <span class='ocrx_word' id='word_1_4' title='bbox 529 265 570 315; x_wconf 76' lang='grc'>67.</span> <span class='ocrx_word' id='word_1_5' title='bbox 590 265 676 326; x_wconf 69' lang='lat'>5168.</span> <span class='ocrx_word' id='word_1_6' title='bbox 704 259 779 314; x_wconf 67' lang='grc' dir='ltr'>ΜΒΓ</span> <span class='ocrx_word' id='word_1_7' title='bbox 788 260 835 315; x_wconf 87' lang='lat'>111.</span> <span class='ocrx_word' id='word_1_8' title='bbox 851 257 928 315; x_wconf 84' lang='lat' dir='ltr'>CAP.</span> <span class='ocrx_word' id='word_1_9' title='bbox 944 267 968 315; x_wconf 93' lang='lat'>1.</span> <span class='ocrx_word' id='word_1_10' title='bbox 983 266 998 327; x_wconf 65' lang='grc' dir='ltr'>ἓ</span> <span class='ocrx_word' id='word_1_11' title='bbox 1014 266 1090 315; x_wconf 86' lang='grc'>1-4.</span> <span class='ocrx_word' id='word_1_12' title='bbox 1225 262 1286 329; x_wconf 79' lang='grc'>187</span> 
     </span>
    </p>
   </div>
   <div class='ocr_carea' id='block_1_2' title="bbox 508 745 892 822">
    <p class='ocr_par' dir='ltr' id='par_1_2' title="bbox 508 745 892 822">
     <span class='ocr_line' id='line_1_2' title="bbox 508 745 892 822; baseline 0.01 -4"><span class='ocrx_word' id='word_1_13' title='bbox 508 745 652 819; x_wconf 77' lang='lat' dir='ltr'>LIBER</span> <span class='ocrx_word' id='word_1_14' title='bbox 679 746 892 822; x_wconf 84' lang='lat' dir='ltr'><strong>TERTIUS.</strong></span> 
     </span>
    </p>
   </div>
   <div class='ocr_carea' id='block_1_3' title="bbox 1310 1065 1326 1129">
    <p class='ocr_par' dir='ltr' id='par_1_3' title="bbox 1310 1065 1326 1129">
     <span class='ocr_line' id='line_1_3' title="bbox 1310 1065 1326 1129; baseline 0 0"><span class='ocrx_word' id='word_1_15' title='bbox 1310 1065 1326 1129; x_wconf 94' lang='grc'><strong>1</strong></span> 
     </span>
    </p>
   </div>
   <div class='ocr_carea' id='block_1_4' title="bbox 200 1079 1321 1204">
    <p class='ocr_par' dir='ltr' id='par_1_4' title="bbox 200 1079 1321 1204">
     <span class='ocr_line' id='line_1_4' title="bbox 200 1079 1321 1204; baseline 0.002 -40"><span class='ocrx_word' id='word_1_16' title='bbox 200 1079 294 1186; x_wconf 79' lang='lat' dir='ltr'>Quae</span> <span class='ocrx_word' id='word_1_17' title='bbox 327 1121 401 1164; x_wconf 90' lang='lat' dir='ltr'>cum</span> <span class='ocrx_word' id='word_1_18' title='bbox 432 1098 556 1165; x_wconf 84' lang='lat' dir='ltr'><strong>Balbus</strong></span> <span class='ocrx_word' id='word_1_19' title='bbox 588 1100 737 1185; x_wconf 76' lang='lat' dir='ltr'>dixisset,</span> <span class='ocrx_word' id='word_1_20' title='bbox 766 1105 838 1166; x_wconf 91' lang='lat' dir='ltr'>tum</span> <span class='ocrx_word' id='word_1_21' title='bbox 870 1101 1016 1167; x_wconf 81' lang='lat' dir='ltr'>arridens</span> <span class='ocrx_word' id='word_1_22' title='bbox 1050 1098 1162 1167; x_wconf 83' lang='lat' dir='ltr'>Cotta:</span> <span class='ocrx_word' id='word_1_23' title='bbox 1200 1097 1321 1204; x_wconf 85' lang='lat' dir='ltr'>Sero,l</span> 
     </span>
    </p>
   </div>
   <div class='ocr_carea' id='block_1_5' title="bbox 61 1188 1326 2969">
    <p class='ocr_par' dir='ltr' id='par_1_5' title="bbox 61 1188 1326 2969">
     <span class='ocr_line' id='line_1_5' title="bbox 106 1188 1287 1277; baseline -0.001 -23"><span class='ocrx_word' id='word_1_24' title='bbox 106 1189 232 1277; x_wconf 92' lang='lat' dir='ltr'>inquit,</span> <span class='ocrx_word' id='word_1_25' title='bbox 262 1188 357 1275; x_wconf 90' lang='lat' dir='ltr'>mihi,</span> <span class='ocrx_word' id='word_1_26' title='bbox 379 1188 496 1274; x_wconf 90' lang='lat' dir='ltr'>Balbe,</span> <span class='ocrx_word' id='word_1_27' title='bbox 519 1190 694 1275; x_wconf 87' lang='lat' dir='ltr'>praecipis,</span> <span class='ocrx_word' id='word_1_28' title='bbox 718 1189 797 1274; x_wconf 92' lang='lat' dir='ltr'>quid</span> <span class='ocrx_word' id='word_1_29' title='bbox 820 1190 999 1256; x_wconf 81' lang='lat' dir='ltr'><strong>defendam.</strong></span> <span class='ocrx_word' id='word_1_30' title='bbox 1045 1190 1119 1276; x_wconf 81' lang='lat' dir='ltr'>Ego</span> <span class='ocrx_word' id='word_1_31' title='bbox 1144 1189 1230 1255; x_wconf 91' lang='lat' dir='ltr'>enim</span> <span class='ocrx_word' id='word_1_32' title='bbox 1254 1192 1287 1254; x_wconf 91' lang='lat' dir='ltr'>te</span> 
     </span>
     <span class='ocr_line' id='line_1_6' title="bbox 107 1278 1289 1365; baseline 0 -22"><span class='ocrx_word' id='word_1_33' title='bbox 107 1279 312 1364; x_wconf 68' lang='lat' dir='ltr'><strong>disputante,</strong></span> <span class='ocrx_word' id='word_1_34' title='bbox 336 1278 414 1363; x_wconf 89' lang='lat' dir='ltr'>quid</span> <span class='ocrx_word' id='word_1_35' title='bbox 433 1283 547 1343; x_wconf 89' lang='lat' dir='ltr'>contra</span> <span class='ocrx_word' id='word_1_36' title='bbox 570 1278 724 1363; x_wconf 78' lang='lat' dir='ltr'><strong>dicerem,</strong></span> <span class='ocrx_word' id='word_1_37' title='bbox 739 1301 868 1344; x_wconf 91' lang='lat' dir='ltr'>mecum</span> <span class='ocrx_word' id='word_1_38' title='bbox 882 1279 952 1365; x_wconf 91' lang='lat' dir='ltr'>ipse</span> <span class='ocrx_word' id='word_1_39' title='bbox 966 1280 1162 1364; x_wconf 89' lang='lat' dir='ltr'>meditabar,</span> <span class='ocrx_word' id='word_1_40' title='bbox 1182 1300 1289 1364; x_wconf 89' lang='lat' dir='ltr'>neque</span> 
     </span>
     <span class='ocr_line' id='line_1_7' title="bbox 107 1367 1289 1455; baseline -0.003 -21"><span class='ocrx_word' id='word_1_41' title='bbox 107 1374 179 1434; x_wconf 94' lang='lat' dir='ltr'>tam</span> <span class='ocrx_word' id='word_1_42' title='bbox 205 1367 375 1433; x_wconf 88' lang='lat' dir='ltr'>refellendi</span> <span class='ocrx_word' id='word_1_43' title='bbox 402 1367 452 1432; x_wconf 93' lang='lat' dir='ltr'>tui</span> <span class='ocrx_word' id='word_1_44' title='bbox 481 1389 578 1432; x_wconf 90' lang='lat' dir='ltr'>causa</span> <span class='ocrx_word' id='word_1_45' title='bbox 603 1391 701 1453; x_wconf 90' lang='lat' dir='ltr'>quam</span> <span class='ocrx_word' id='word_1_46' title='bbox 725 1390 772 1453; x_wconf 89' lang='lat' dir='ltr'>ea,</span> <span class='ocrx_word' id='word_1_47' title='bbox 801 1391 883 1454; x_wconf 87' lang='lat' dir='ltr'>quae</span> <span class='ocrx_word' id='word_1_48' title='bbox 907 1370 1015 1434; x_wconf 91' lang='lat' dir='ltr'>minus</span> <span class='ocrx_word' id='word_1_49' title='bbox 1046 1368 1289 1455; x_wconf 75' lang='lat' dir='ltr'>intellegebam,</span> 
     </span>
     <span class='ocr_line' id='line_1_8' title="bbox 70 1453 1288 1543; baseline 0.002 -25"><span class='ocrx_word' id='word_1_50' title='bbox 70 1477 89 1518; x_wconf 73' lang='lat' dir='ltr'>a</span> <span class='ocrx_word' id='word_1_51' title='bbox 108 1457 304 1543; x_wconf 89' lang='lat' dir='ltr'>requirendi.</span> <span class='ocrx_word' id='word_1_52' title='bbox 341 1453 424 1521; x_wconf 76' lang='lat' dir='ltr'>Cum</span> <span class='ocrx_word' id='word_1_53' title='bbox 447 1461 557 1521; x_wconf 90' lang='lat' dir='ltr'>autem</span> <span class='ocrx_word' id='word_1_54' title='bbox 581 1479 639 1522; x_wconf 92' lang='lat' dir='ltr'>suo</span> <span class='ocrx_word' id='word_1_55' title='bbox 664 1457 781 1542; x_wconf 91' lang='lat' dir='ltr'>cuique</span> <span class='ocrx_word' id='word_1_56' title='bbox 803 1458 925 1523; x_wconf 91' lang='lat' dir='ltr'>iudicio</span> <span class='ocrx_word' id='word_1_57' title='bbox 948 1458 993 1524; x_wconf 89' lang='lat' dir='ltr'>sit</span> <span class='ocrx_word' id='word_1_58' title='bbox 1011 1458 1181 1543; x_wconf 89' lang='lat' dir='ltr'>utendum,</span> <span class='ocrx_word' id='word_1_59' title='bbox 1204 1455 1288 1521; x_wconf 90' lang='lat' dir='ltr'>diffi-</span> 
     </span>
     <span class='ocr_line' id='line_1_9' title="bbox 109 1545 1322 1632; baseline -0.005 -21"><span class='ocrx_word' id='word_1_60' title='bbox 109 1547 171 1611; x_wconf 92' lang='lat' dir='ltr'>cile</span> <span class='ocrx_word' id='word_1_61' title='bbox 202 1546 293 1612; x_wconf 88' lang='lat' dir='ltr'>factu</span> <span class='ocrx_word' id='word_1_62' title='bbox 325 1550 376 1612; x_wconf 88' lang='lat' dir='ltr'>est</span> <span class='ocrx_word' id='word_1_63' title='bbox 407 1569 459 1612; x_wconf 90' lang='lat' dir='ltr'>me</span> <span class='ocrx_word' id='word_1_64' title='bbox 491 1546 526 1610; x_wconf 94' lang='lat' dir='ltr'>id</span> <span class='ocrx_word' id='word_1_65' title='bbox 557 1546 693 1632; x_wconf 89' lang='lat' dir='ltr'>sentire,</span> <span class='ocrx_word' id='word_1_66' title='bbox 726 1546 813 1631; x_wconf 92' lang='lat' dir='ltr'>quod</span> <span class='ocrx_word' id='word_1_67' title='bbox 840 1550 878 1611; x_wconf 91' lang='lat' dir='ltr'>tu</span> <span class='ocrx_word' id='word_1_68' title='bbox 904 1547 995 1612; x_wconf 82' lang='lat' dir='ltr'>velis.</span> <span class='ocrx_word' id='word_1_69' title='bbox 1040 1545 1105 1611; x_wconf 88' lang='lat' dir='ltr'>Hic</span> <span class='ocrx_word' id='word_1_70' title='bbox 1128 1545 1322 1611; x_wconf 75' lang='lat' dir='ltr'>Velleiusza</span> 
     </span>
     <span class='ocr_line' id='line_1_10' title="bbox 109 1634 1289 1722; baseline -0.002 -22"><span class='ocrx_word' id='word_1_71' title='bbox 109 1635 242 1721; x_wconf 86' lang='lat' dir='ltr'>Nescis,</span> <span class='ocrx_word' id='word_1_72' title='bbox 278 1635 403 1722; x_wconf 92' lang='lat' dir='ltr'>inquit,</span> <span class='ocrx_word' id='word_1_73' title='bbox 440 1639 563 1720; x_wconf 89' lang='lat' dir='ltr'>quanta</span> <span class='ocrx_word' id='word_1_74' title='bbox 600 1658 674 1700; x_wconf 92' lang='lat' dir='ltr'>cum</span> <span class='ocrx_word' id='word_1_75' title='bbox 711 1635 969 1721; x_wconf 71' lang='lat' dir='ltr'>exspectatione,</span> <span class='ocrx_word' id='word_1_76' title='bbox 1007 1634 1119 1720; x_wconf 83' lang='lat' dir='ltr'>Cotta,</span> <span class='ocrx_word' id='word_1_77' title='bbox 1157 1634 1219 1699; x_wconf 90' lang='lat' dir='ltr'>sim</span> <span class='ocrx_word' id='word_1_78' title='bbox 1255 1638 1289 1699; x_wconf 90' lang='lat' dir='ltr'>te</span> 
     </span>
     <span class='ocr_line' id='line_1_11' title="bbox 108 1722 1290 1791; baseline -0.002 -2"><span class='ocrx_word' id='word_1_79' title='bbox 108 1725 288 1790; x_wconf 76' lang='lat' dir='ltr'>auditurus,</span> <span class='ocrx_word' id='word_1_80' title='bbox 338 1722 502 1791; x_wconf 90' lang='lat' dir='ltr'>Iucundus</span> <span class='ocrx_word' id='word_1_81' title='bbox 535 1724 623 1789; x_wconf 90' lang='lat' dir='ltr'>enim</span> <span class='ocrx_word' id='word_1_82' title='bbox 647 1724 750 1789; x_wconf 86' lang='lat' dir='ltr'>Balbo</span> <span class='ocrx_word' id='word_1_83' title='bbox 782 1728 898 1790; x_wconf 87' lang='lat' dir='ltr'>nostro</span> <span class='ocrx_word' id='word_1_84' title='bbox 930 1747 1037 1790; x_wconf 85' lang='lat' dir='ltr'>sermo</span> <span class='ocrx_word' id='word_1_85' title='bbox 1068 1728 1144 1789; x_wconf 90' lang='lat' dir='ltr'>tuus</span> <span class='ocrx_word' id='word_1_86' title='bbox 1175 1726 1290 1788; x_wconf 88' lang='lat' dir='ltr'>eontra</span> 
     </span>
     <span class='ocr_line' id='line_1_12' title="bbox 109 1812 1289 1901; baseline -0.002 -23"><span class='ocrx_word' id='word_1_87' title='bbox 109 1813 290 1898; x_wconf 77' lang='lat' dir='ltr'>Epicurum</span> <span class='ocrx_word' id='word_1_88' title='bbox 312 1812 390 1899; x_wconf 77' lang='lat' dir='ltr'>fuit,</span> <span class='ocrx_word' id='word_1_89' title='bbox 412 1813 576 1897; x_wconf 85' lang='lat' dir='ltr'>praebebo</span> <span class='ocrx_word' id='word_1_90' title='bbox 599 1814 704 1901; x_wconf 78' lang='lat' dir='ltr'>igitur</span> <span class='ocrx_word' id='word_1_91' title='bbox 726 1835 788 1900; x_wconf 84' lang='lat' dir='ltr'>ego</span> <span class='ocrx_word' id='word_1_92' title='bbox 807 1836 859 1878; x_wconf 92' lang='lat' dir='ltr'>me</span> <span class='ocrx_word' id='word_1_93' title='bbox 878 1814 942 1878; x_wconf 90' lang='lat' dir='ltr'>tibi</span> <span class='ocrx_word' id='word_1_94' title='bbox 959 1813 1105 1880; x_wconf 87' lang='lat' dir='ltr'>vicissim</span> <span class='ocrx_word' id='word_1_95' title='bbox 1124 1815 1289 1878; x_wconf 89' lang='lat' dir='ltr'>attentum</span> 
     </span>
     <span class='ocr_line' id='line_1_13' title="bbox 61 1898 1326 1989; baseline 0.003 -28"><span class='ocrx_word' id='word_1_96' title='bbox 61 1922 92 1962; x_wconf 91' lang='lat' dir='ltr'>1o</span> <span class='ocrx_word' id='word_1_97' title='bbox 110 1906 225 1968; x_wconf 90' lang='lat' dir='ltr'>contra</span> <span class='ocrx_word' id='word_1_98' title='bbox 258 1900 387 1967; x_wconf 74' lang='lat' dir='ltr'>Stoicos</span> <span class='ocrx_word' id='word_1_99' title='bbox 420 1902 611 1967; x_wconf 89' lang='lat' dir='ltr'>auditorem.</span> <span class='ocrx_word' id='word_1_100' title='bbox 664 1901 767 1987; x_wconf 81' lang='lat' dir='ltr'>Spero</span> <span class='ocrx_word' id='word_1_101' title='bbox 800 1902 888 1969; x_wconf 90' lang='lat' dir='ltr'>enim</span> <span class='ocrx_word' id='word_1_102' title='bbox 920 1908 968 1989; x_wconf 92' lang='lat' dir='ltr'>te,</span> <span class='ocrx_word' id='word_1_103' title='bbox 1000 1907 1038 1969; x_wconf 89' lang='lat' dir='ltr'>ut</span> <span class='ocrx_word' id='word_1_104' title='bbox 1070 1903 1169 1987; x_wconf 88' lang='lat' dir='ltr'>soles,</span> <span class='ocrx_word' id='word_1_105' title='bbox 1206 1901 1288 1966; x_wconf 87' lang='lat' dir='ltr'>bene</span> <span class='ocrx_word' id='word_1_106' title='bbox 1322 1898 1326 1904; x_wconf 79' lang='grc'><strong>’</strong></span> 
     </span>
     <span class='ocr_line' id='line_1_14' title="bbox 108 1989 1323 2078; baseline -0.003 -22"><span class='ocrx_word' id='word_1_107' title='bbox 108 1995 261 2075; x_wconf 89' lang='lat' dir='ltr'>paratum</span> <span class='ocrx_word' id='word_1_108' title='bbox 291 1991 409 2057; x_wconf 90' lang='lat' dir='ltr'>venire.</span> <span class='ocrx_word' id='word_1_109' title='bbox 462 1990 546 2056; x_wconf 82' lang='lat' dir='ltr'>Tum</span> <span class='ocrx_word' id='word_1_110' title='bbox 576 1990 688 2057; x_wconf 80' lang='lat' dir='ltr'>Cotta:</span> <span class='ocrx_word' id='word_1_111' title='bbox 712 1989 767 2056; x_wconf 80' lang='lat' dir='ltr'>Sic</span> <span class='ocrx_word' id='word_1_112' title='bbox 796 1992 989 2078; x_wconf 78' lang='lat' dir='ltr'>mehercule,</span> <span class='ocrx_word' id='word_1_113' title='bbox 1019 1993 1140 2078; x_wconf 92' lang='lat' dir='ltr'>inquit,</span> <span class='ocrx_word' id='word_1_114' title='bbox 1167 1989 1323 2076; x_wconf 79' lang='lat' dir='ltr'>Vellei33</span> 
     </span>
     <span class='ocr_line' id='line_1_15' title="bbox 107 2079 1287 2166; baseline 0 -22"><span class='ocrx_word' id='word_1_115' title='bbox 107 2103 213 2166; x_wconf 90' lang='lat' dir='ltr'>neque</span> <span class='ocrx_word' id='word_1_116' title='bbox 246 2080 334 2144; x_wconf 92' lang='lat' dir='ltr'>enim</span> <span class='ocrx_word' id='word_1_117' title='bbox 365 2079 448 2144; x_wconf 90' lang='lat' dir='ltr'>mihi</span> <span class='ocrx_word' id='word_1_118' title='bbox 478 2102 538 2165; x_wconf 89' lang='lat' dir='ltr'>par</span> <span class='ocrx_word' id='word_1_119' title='bbox 570 2080 655 2146; x_wconf 89' lang='lat' dir='ltr'>ratio</span> <span class='ocrx_word' id='word_1_120' title='bbox 687 2103 761 2145; x_wconf 89' lang='lat' dir='ltr'>eum</span> <span class='ocrx_word' id='word_1_121' title='bbox 784 2080 910 2147; x_wconf 90' lang='lat' dir='ltr'>Lucilio</span> <span class='ocrx_word' id='word_1_122' title='bbox 941 2087 992 2148; x_wconf 90' lang='lat' dir='ltr'>est</span> <span class='ocrx_word' id='word_1_123' title='bbox 1022 2104 1060 2148; x_wconf 87' lang='lat' dir='ltr'>ac</span> <span class='ocrx_word' id='word_1_124' title='bbox 1082 2086 1191 2148; x_wconf 87' lang='lat' dir='ltr'>tecum</span> <span class='ocrx_word' id='word_1_125' title='bbox 1213 2080 1287 2145; x_wconf 83' lang='lat' dir='ltr'>fuit.</span> 
     </span>
     <span class='ocr_line' id='line_1_16' title="bbox 110 2168 1289 2256; baseline 0 -22"><span class='ocrx_word' id='word_1_126' title='bbox 110 2168 175 2245; x_wconf 84' lang='lat' dir='ltr'>Qui</span> <span class='ocrx_word' id='word_1_127' title='bbox 202 2169 357 2234; x_wconf 84' lang='lat' dir='ltr'>tandem?</span> <span class='ocrx_word' id='word_1_128' title='bbox 388 2169 498 2255; x_wconf 91' lang='lat' dir='ltr'>inquit</span> <span class='ocrx_word' id='word_1_129' title='bbox 520 2169 585 2235; x_wconf 94' lang='lat' dir='ltr'>ille.</span> <span class='ocrx_word' id='word_1_130' title='bbox 632 2168 716 2245; x_wconf 81' lang='lat' dir='ltr'>Quia</span> <span class='ocrx_word' id='word_1_131' title='bbox 738 2169 821 2235; x_wconf 88' lang='lat' dir='ltr'>mihi</span> <span class='ocrx_word' id='word_1_132' title='bbox 843 2170 972 2236; x_wconf 86' lang='lat' dir='ltr'>videtur</span> <span class='ocrx_word' id='word_1_133' title='bbox 994 2170 1157 2256; x_wconf 83' lang='lat' dir='ltr'>Epicurus</span> <span class='ocrx_word' id='word_1_134' title='bbox 1181 2173 1289 2235; x_wconf 85' lang='lat' dir='ltr'>vester</span> 
     </span>
     <span class='ocr_line' id='line_1_17' title="bbox 109 2258 1288 2346; baseline 0.001 -24"><span class='ocrx_word' id='word_1_135' title='bbox 109 2259 147 2323; x_wconf 94' lang='lat' dir='ltr'>de</span> <span class='ocrx_word' id='word_1_136' title='bbox 174 2259 224 2324; x_wconf 91' lang='lat' dir='ltr'>dis</span> <span class='ocrx_word' id='word_1_137' title='bbox 246 2258 487 2323; x_wconf 86' lang='lat' dir='ltr'>immortalibus</span> <span class='ocrx_word' id='word_1_138' title='bbox 510 2281 579 2323; x_wconf 91' lang='lat' dir='ltr'>non</span> <span class='ocrx_word' id='word_1_139' title='bbox 610 2281 809 2346; x_wconf 83' lang='lat' dir='ltr'>magnopere</span> <span class='ocrx_word' id='word_1_140' title='bbox 840 2282 1002 2346; x_wconf 80' lang='lat' dir='ltr'>pugnare3</span> <span class='ocrx_word' id='word_1_141' title='bbox 1034 2263 1164 2325; x_wconf 89' lang='lat' dir='ltr'>tantum</span> <span class='ocrx_word' id='word_1_142' title='bbox 1191 2258 1288 2323; x_wconf 91' lang='lat' dir='ltr'>modo</span> 
     </span>
     <span class='ocr_line' id='line_1_18' title="bbox 65 2347 1288 2435; baseline 0.001 -24"><span class='ocrx_word' id='word_1_143' title='bbox 65 2368 231 2434; x_wconf 70' lang='lat' dir='ltr'>anegare</span> <span class='ocrx_word' id='word_1_144' title='bbox 254 2348 331 2414; x_wconf 90' lang='lat' dir='ltr'>deos</span> <span class='ocrx_word' id='word_1_145' title='bbox 356 2371 427 2413; x_wconf 88' lang='lat' dir='ltr'>esse</span> <span class='ocrx_word' id='word_1_146' title='bbox 449 2370 517 2413; x_wconf 91' lang='lat' dir='ltr'>non</span> <span class='ocrx_word' id='word_1_147' title='bbox 539 2348 650 2434; x_wconf 90' lang='lat' dir='ltr'>audet,</span> <span class='ocrx_word' id='word_1_148' title='bbox 677 2370 718 2414; x_wconf 93' lang='lat' dir='ltr'>ne</span> <span class='ocrx_word' id='word_1_149' title='bbox 742 2349 821 2435; x_wconf 92' lang='lat' dir='ltr'>quid</span> <span class='ocrx_word' id='word_1_150' title='bbox 844 2349 984 2416; x_wconf 81' lang='lat' dir='ltr'>invidiae</span> <span class='ocrx_word' id='word_1_151' title='bbox 1008 2350 1125 2415; x_wconf 89' lang='lat' dir='ltr'>subeat</span> <span class='ocrx_word' id='word_1_152' title='bbox 1147 2353 1205 2414; x_wconf 86' lang='lat' dir='ltr'>aut</span> <span class='ocrx_word' id='word_1_153' title='bbox 1228 2347 1288 2413; x_wconf 89' lang='lat' dir='ltr'>ori-</span> 
     </span>
     <span class='ocr_line' id='line_1_19' title="bbox 109 2436 1289 2524; baseline -0.002 -22"><span class='ocrx_word' id='word_1_154' title='bbox 109 2437 216 2503; x_wconf 86' lang='lat' dir='ltr'>minis.</span> <span class='ocrx_word' id='word_1_155' title='bbox 270 2436 352 2504; x_wconf 82' lang='lat' dir='ltr'>Oum</span> <span class='ocrx_word' id='word_1_156' title='bbox 383 2460 461 2503; x_wconf 82' lang='lat' dir='ltr'>vero</span> <span class='ocrx_word' id='word_1_157' title='bbox 493 2438 570 2503; x_wconf 88' lang='lat' dir='ltr'>deos</span> <span class='ocrx_word' id='word_1_158' title='bbox 593 2437 677 2502; x_wconf 88' lang='lat' dir='ltr'>nihil</span> <span class='ocrx_word' id='word_1_159' title='bbox 709 2461 819 2524; x_wconf 82' lang='lat' dir='ltr'>agere,</span> <span class='ocrx_word' id='word_1_160' title='bbox 850 2439 935 2502; x_wconf 89' lang='lat' dir='ltr'>nihil</span> <span class='ocrx_word' id='word_1_161' title='bbox 971 2461 1084 2504; x_wconf 89' lang='lat' dir='ltr'>curare</span> <span class='ocrx_word' id='word_1_162' title='bbox 1116 2438 1289 2504; x_wconf 90' lang='lat' dir='ltr'>confirmat</span> 
     </span>
     <span class='ocr_line' id='line_1_20' title="bbox 109 2526 1288 2612; baseline -0.001 -22"><span class='ocrx_word' id='word_1_163' title='bbox 109 2527 330 2612; x_wconf 85' lang='lat' dir='ltr'>membrisque</span> <span class='ocrx_word' id='word_1_164' title='bbox 357 2526 511 2592; x_wconf 88' lang='lat' dir='ltr'>humanis</span> <span class='ocrx_word' id='word_1_165' title='bbox 540 2549 611 2592; x_wconf 87' lang='lat' dir='ltr'>esse</span> <span class='ocrx_word' id='word_1_166' title='bbox 638 2527 820 2612; x_wconf 88' lang='lat' dir='ltr'>praeditos,</span> <span class='ocrx_word' id='word_1_167' title='bbox 851 2528 908 2592; x_wconf 89' lang='lat' dir='ltr'>sed</span> <span class='ocrx_word' id='word_1_168' title='bbox 930 2550 1043 2592; x_wconf 90' lang='lat' dir='ltr'>eorum</span> <span class='ocrx_word' id='word_1_169' title='bbox 1067 2527 1288 2592; x_wconf 90' lang='lat' dir='ltr'>membrorum</span> 
     </span>
     <span class='ocr_line' id='line_1_21' title="bbox 109 2614 1288 2701; baseline -0.002 -20"><span class='ocrx_word' id='word_1_170' title='bbox 109 2639 206 2681; x_wconf 90' lang='lat' dir='ltr'>usum</span> <span class='ocrx_word' id='word_1_171' title='bbox 223 2617 351 2681; x_wconf 90' lang='lat' dir='ltr'>nullum</span> <span class='ocrx_word' id='word_1_172' title='bbox 368 2615 503 2701; x_wconf 89' lang='lat' dir='ltr'>habere,</span> <span class='ocrx_word' id='word_1_173' title='bbox 526 2616 636 2680; x_wconf 89' lang='lat' dir='ltr'>ludere</span> <span class='ocrx_word' id='word_1_174' title='bbox 654 2615 784 2680; x_wconf 87' lang='lat' dir='ltr'>videtur</span> <span class='ocrx_word' id='word_1_175' title='bbox 802 2617 948 2700; x_wconf 89' lang='lat' dir='ltr'>satisque</span> <span class='ocrx_word' id='word_1_176' title='bbox 967 2620 1097 2701; x_wconf 87' lang='lat' dir='ltr'>putare,</span> <span class='ocrx_word' id='word_1_177' title='bbox 1121 2615 1149 2681; x_wconf 91' lang='lat' dir='ltr'>si</span> <span class='ocrx_word' id='word_1_178' title='bbox 1168 2614 1288 2680; x_wconf 86' lang='lat' dir='ltr'>dixerit</span> 
     </span>
     <span class='ocr_line' id='line_1_22' title="bbox 109 2703 1322 2790; baseline -0.005 -20"><span class='ocrx_word' id='word_1_179' title='bbox 109 2727 180 2770; x_wconf 88' lang='lat' dir='ltr'>esse</span> <span class='ocrx_word' id='word_1_180' title='bbox 204 2705 365 2790; x_wconf 90' lang='lat' dir='ltr'>quandam</span> <span class='ocrx_word' id='word_1_181' title='bbox 388 2705 519 2770; x_wconf 88' lang='lat' dir='ltr'>beatam</span> <span class='ocrx_word' id='word_1_182' title='bbox 541 2710 693 2770; x_wconf 89' lang='lat' dir='ltr'>naturam</span> <span class='ocrx_word' id='word_1_183' title='bbox 716 2710 750 2770; x_wconf 91' lang='lat' dir='ltr'>et</span> <span class='ocrx_word' id='word_1_184' title='bbox 773 2709 948 2771; x_wconf 86' lang='lat' dir='ltr'>aeternam.</span> <span class='ocrx_word' id='word_1_185' title='bbox 992 2704 1024 2769; x_wconf 80' lang='lat' dir='ltr'><strong>A</strong></span> <span class='ocrx_word' id='word_1_186' title='bbox 1047 2703 1151 2769; x_wconf 90' lang='lat' dir='ltr'>Balbo</span> <span class='ocrx_word' id='word_1_187' title='bbox 1175 2706 1286 2768; x_wconf 88' lang='lat' dir='ltr'>autem</span> <span class='ocrx_word' id='word_1_188' title='bbox 1305 2716 1322 2764; x_wconf 83' lang='lat'>4</span> 
     </span>
     <span class='ocr_line' id='line_1_23' title="bbox 63 2792 1288 2879; baseline 0.002 -25"><span class='ocrx_word' id='word_1_189' title='bbox 63 2814 90 2854; x_wconf 77' lang='lat' dir='ltr'>eo</span> <span class='ocrx_word' id='word_1_190' title='bbox 109 2794 384 2879; x_wconf 78' lang='lat' dir='ltr'>animadvertisti,</span> <span class='ocrx_word' id='word_1_191' title='bbox 404 2794 514 2879; x_wconf 86' lang='lat' dir='ltr'>crede,</span> <span class='ocrx_word' id='word_1_192' title='bbox 533 2817 632 2879; x_wconf 89' lang='lat' dir='ltr'>quam</span> <span class='ocrx_word' id='word_1_193' title='bbox 646 2794 751 2860; x_wconf 89' lang='lat' dir='ltr'>multa</span> <span class='ocrx_word' id='word_1_194' title='bbox 770 2794 857 2859; x_wconf 89' lang='lat' dir='ltr'>dicta</span> <span class='ocrx_word' id='word_1_195' title='bbox 876 2794 944 2859; x_wconf 89' lang='lat' dir='ltr'>sint</span> <span class='ocrx_word' id='word_1_196' title='bbox 962 2815 1137 2879; x_wconf 87' lang='lat' dir='ltr'>quamque,</span> <span class='ocrx_word' id='word_1_197' title='bbox 1158 2792 1288 2857; x_wconf 88' lang='lat' dir='ltr'>etiamsi</span> 
     </span>
     <span class='ocr_line' id='line_1_24' title="bbox 108 2880 1288 2969; baseline -0.002 -21"><span class='ocrx_word' id='word_1_198' title='bbox 108 2883 217 2948; x_wconf 89' lang='lat' dir='ltr'>minus</span> <span class='ocrx_word' id='word_1_199' title='bbox 258 2906 348 2969; x_wconf 83' lang='lat' dir='ltr'>vera,</span> <span class='ocrx_word' id='word_1_200' title='bbox 388 2887 500 2948; x_wconf 90' lang='lat' dir='ltr'>tamen</span> <span class='ocrx_word' id='word_1_201' title='bbox 532 2887 611 2968; x_wconf 91' lang='lat' dir='ltr'>apta</span> <span class='ocrx_word' id='word_1_202' title='bbox 646 2883 733 2948; x_wconf 88' lang='lat' dir='ltr'>inter</span> <span class='ocrx_word' id='word_1_203' title='bbox 765 2905 800 2948; x_wconf 89' lang='lat' dir='ltr'>se</span> <span class='ocrx_word' id='word_1_204' title='bbox 837 2887 870 2948; x_wconf 89' lang='lat' dir='ltr'>et</span> <span class='ocrx_word' id='word_1_205' title='bbox 902 2882 1117 2948; x_wconf 89' lang='lat' dir='ltr'>cohaerentia.</span> <span class='ocrx_word' id='word_1_206' title='bbox 1171 2880 1288 2966; x_wconf 87' lang='lat' dir='ltr'>Itaque</span> 
     </span>
    </p>
   </div>
   <div class='ocr_carea' id='block_1_6' title="bbox 107 3089 1293 4518">
    <p class='ocr_par' dir='ltr' id='par_1_6' title="bbox 107 3089 1290 3304">
     <span class='ocr_line' id='line_1_25' title="bbox 144 3089 1289 3164; baseline -0.001 -17"><span class='ocrx_word' id='word_1_207' title='bbox 144 3093 225 3147; x_wconf 89' lang='lat' dir='ltr'>Bueh</span> <span class='ocrx_word' id='word_1_208' title='bbox 238 3094 287 3151; x_wconf 90' lang='lat' dir='ltr'>III.</span> <span class='ocrx_word' id='word_1_209' title='bbox 306 3096 414 3149; x_wconf 82' lang='lat' dir='ltr'>Kritik</span> <span class='ocrx_word' id='word_1_210' title='bbox 428 3095 486 3148; x_wconf 86' lang='lat' dir='ltr'>der</span> <span class='ocrx_word' id='word_1_211' title='bbox 504 3096 671 3148; x_wconf 84' lang='lat' dir='ltr'>stoisohen</span> <span class='ocrx_word' id='word_1_212' title='bbox 725 3092 863 3164; x_wconf 82' lang='lat' dir='ltr'>gewissen</span> <span class='ocrx_word' id='word_1_213' title='bbox 886 3091 1082 3147; x_wconf 81' lang='lat' dir='ltr'>solratischen</span> <span class='ocrx_word' id='word_1_214' title='bbox 1106 3089 1199 3146; x_wconf 89' lang='lat' dir='ltr'>lronie</span> <span class='ocrx_word' id='word_1_215' title='bbox 1219 3089 1289 3161; x_wconf 83' lang='lat' dir='ltr'>(vgl.</span> 
     </span>
     <span class='ocr_line' id='line_1_26' title="bbox 107 3161 1287 3233; baseline -0.003 -15"><span class='ocrx_word' id='word_1_216' title='bbox 107 3167 284 3230; x_wconf 68' lang='lat' dir='ltr'>mheologle</span> <span class='ocrx_word' id='word_1_217' title='bbox 330 3167 432 3219; x_wconf 86' lang='lat' dir='ltr'>durch</span> <span class='ocrx_word' id='word_1_218' title='bbox 477 3167 541 3220; x_wconf 87' lang='lat' dir='ltr'>den</span> <span class='ocrx_word' id='word_1_219' title='bbox 584 3167 669 3219; x_wconf 85' lang='lat' dir='ltr'>Neu·</span> <span class='ocrx_word' id='word_1_220' title='bbox 725 3166 798 3219; x_wconf 83' lang='lat' dir='ltr'>Plat.</span> <span class='ocrx_word' id='word_1_221' title='bbox 812 3164 971 3233; x_wconf 71' lang='lat' dir='ltr'>Proteae),</span> <span class='ocrx_word' id='word_1_222' title='bbox 986 3163 1095 3218; x_wconf 85' lang='lat' dir='ltr'>welche</span> <span class='ocrx_word' id='word_1_223' title='bbox 1109 3179 1166 3217; x_wconf 85' lang='lat' dir='ltr'>von</span> <span class='ocrx_word' id='word_1_224' title='bbox 1181 3161 1287 3216; x_wconf 84' lang='lat' dir='ltr'>Balbus</span> 
     </span>
     <span class='ocr_line' id='line_1_27' title="bbox 108 3233 1290 3304; baseline -0.002 -14"><span class='ocrx_word' id='word_1_225' title='bbox 108 3238 321 3291; x_wconf 78' lang='lat' dir='ltr'>akademlker</span> <span class='ocrx_word' id='word_1_226' title='bbox 338 3240 443 3291; x_wconf 80' lang='lat' dir='ltr'>Cotta.</span> <span class='ocrx_word' id='word_1_227' title='bbox 724 3237 806 3291; x_wconf 88' lang='lat' dir='ltr'>nicht</span> <span class='ocrx_word' id='word_1_228' title='bbox 836 3235 1005 3290; x_wconf 85' lang='lat' dir='ltr'>unbemerkt</span> <span class='ocrx_word' id='word_1_229' title='bbox 1025 3233 1142 3304; x_wconf 65' lang='lat' dir='ltr'>,bleibtz</span> <span class='ocrx_word' id='word_1_230' title='bbox 1174 3235 1221 3289; x_wconf 81' lang='lat' dir='ltr'>ein</span> <span class='ocrx_word' id='word_1_231' title='bbox 1248 3250 1290 3288; x_wconf 84' lang='lat' dir='ltr'>mc</span> 
     </span>
    </p>

    <p class='ocr_par' dir='ltr' id='par_1_7' title="bbox 108 3305 1293 4374">
     <span class='ocr_line' id='line_1_28' title="bbox 144 3305 1287 3379; baseline 0.002 -20"><span class='ocrx_word' id='word_1_232' title='bbox 144 3307 227 3377; x_wconf 88' lang='lat' dir='ltr'>Kap.</span> <span class='ocrx_word' id='word_1_233' title='bbox 260 3308 286 3364; x_wconf 88' lang='lat'>1.</span> <span class='ocrx_word' id='word_1_234' title='bbox 319 3314 435 3373; x_wconf 80' lang='lat'>§1—6.</span> <span class='ocrx_word' id='word_1_235' title='bbox 471 3309 669 3373; x_wconf 75' lang='lat' dir='ltr'>Einleitung.</span> <span class='ocrx_word' id='word_1_236' title='bbox 725 3310 894 3379; x_wconf 62' lang='lat' dir='ltr'>masopane</span> <span class='ocrx_word' id='word_1_237' title='bbox 918 3309 1011 3376; x_wconf 84' lang='lat' dir='ltr'>(colea)</span> <span class='ocrx_word' id='word_1_238' title='bbox 1034 3324 1092 3362; x_wconf 75' lang='lat' dir='ltr'>aon</span> <span class='ocrx_word' id='word_1_239' title='bbox 1108 3313 1166 3362; x_wconf 81' lang='lat' dir='ltr'>tam</span> <span class='ocrx_word' id='word_1_240' title='bbox 1184 3305 1287 3361; x_wconf 74' lang='lat' dir='ltr'>intelle·</span> 
     </span>
     <span class='ocr_line' id='line_1_29' title="bbox 109 3377 1288 3450; baseline -0.003 -18"><span class='ocrx_word' id='word_1_241' title='bbox 109 3377 172 3433; x_wconf 88' lang='lat' dir='ltr'>Die</span> <span class='ocrx_word' id='word_1_242' title='bbox 196 3378 671 3449; x_wconf 81' lang='lat' dir='ltr'>Auseinandersetzungen</span> <span class='ocrx_word' id='word_1_243' title='bbox 725 3378 1288 3450; x_wconf 58' lang='lat' dir='ltr'>pendicaueaquamrefelleodi.(M).-</span> 
     </span>
     <span class='ocr_line' id='line_1_30' title="bbox 108 3446 1259 3520; baseline -0.003 -17"><span class='ocrx_word' id='word_1_244' title='bbox 108 3450 168 3504; x_wconf 86' lang='lat' dir='ltr'>des</span> <span class='ocrx_word' id='word_1_245' title='bbox 193 3449 321 3504; x_wconf 83' lang='lat' dir='ltr'>Balbus</span> <span class='ocrx_word' id='word_1_246' title='bbox 348 3450 432 3504; x_wconf 74' lang='lat' dir='ltr'>uber</span> <span class='ocrx_word' id='word_1_247' title='bbox 463 3450 522 3504; x_wconf 88' lang='lat' dir='ltr'>das</span> <span class='ocrx_word' id='word_1_248' title='bbox 550 3450 672 3504; x_wconf 86' lang='lat' dir='ltr'>Wesen</span> <span class='ocrx_word' id='word_1_249' title='bbox 725 3446 1259 3520; x_wconf 75' lang='lat' dir='ltr'>nequc=nepuctomcn,wiel,10‘1.</span> 
     </span>
     <span class='ocr_line' id='line_1_31' title="bbox 108 3516 1288 3586; baseline -0.003 -12"><span class='ocrx_word' id='word_1_250' title='bbox 108 3521 170 3575; x_wconf 92' lang='lat' dir='ltr'>der</span> <span class='ocrx_word' id='word_1_251' title='bbox 183 3520 306 3575; x_wconf 79' lang='lat' dir='ltr'>Gttter</span> <span class='ocrx_word' id='word_1_252' title='bbox 319 3521 671 3576; x_wconf 84' lang='lat' dir='ltr'>verdienendenVor·</span> <span class='ocrx_word' id='word_1_253' title='bbox 766 3527 806 3577; x_wconf 88' lang='lat'>11.</span> <span class='ocrx_word' id='word_1_254' title='bbox 826 3522 873 3577; x_wconf 76' lang='lat' dir='ltr'>Sic</span> <span class='ocrx_word' id='word_1_255' title='bbox 890 3523 1147 3586; x_wconf 61' lang='lat' dir='ltr'>matermortua,</span> <span class='ocrx_word' id='word_1_256' title='bbox 1165 3516 1288 3572; x_wconf 87' lang='lat' dir='ltr'>welches</span> 
     </span>
     <span class='ocr_line' id='line_1_32' title="bbox 108 3587 1288 3662; baseline -0.003 -17"><span class='ocrx_word' id='word_1_257' title='bbox 108 3609 173 3662; x_wconf 83' lang='lat' dir='ltr'>zug</span> <span class='ocrx_word' id='word_1_258' title='bbox 185 3608 246 3646; x_wconf 84' lang='lat' dir='ltr'>vor</span> <span class='ocrx_word' id='word_1_259' title='bbox 260 3592 371 3647; x_wconf 89' lang='lat' dir='ltr'>denen</span> <span class='ocrx_word' id='word_1_260' title='bbox 384 3592 444 3648; x_wconf 85' lang='lat' dir='ltr'>des</span> <span class='ocrx_word' id='word_1_261' title='bbox 458 3592 672 3662; x_wconf 79' lang='lat' dir='ltr'>Epikureers</span> <span class='ocrx_word' id='word_1_262' title='bbox 726 3609 783 3647; x_wconf 85' lang='lat' dir='ltr'>von</span> <span class='ocrx_word' id='word_1_263' title='bbox 802 3590 900 3647; x_wconf 80' lang='lat' dir='ltr'>Cicero</span> <span class='ocrx_word' id='word_1_264' title='bbox 918 3592 966 3647; x_wconf 88' lang='lat' dir='ltr'>bei</span> <span class='ocrx_word' id='word_1_265' title='bbox 983 3593 1036 3659; x_wconf 77' lang='lat' dir='ltr'>sic,</span> <span class='ocrx_word' id='word_1_266' title='bbox 1060 3607 1142 3645; x_wconf 82' lang='lat' dir='ltr'>wenn</span> <span class='ocrx_word' id='word_1_267' title='bbox 1167 3605 1197 3644; x_wconf 87' lang='lat' dir='ltr'>es</span> <span class='ocrx_word' id='word_1_268' title='bbox 1225 3587 1288 3643; x_wconf 88' lang='lat' dir='ltr'>eine</span> 
     </span>
     <span class='ocr_line' id='line_1_33' title="bbox 109 3660 1288 3733; baseline -0.005 -15"><span class='ocrx_word' id='word_1_269' title='bbox 109 3662 279 3719; x_wconf 84' lang='lat' dir='ltr'>Velleius.</span> <span class='ocrx_word' id='word_1_270' title='bbox 315 3663 406 3718; x_wconf 86' lang='lat' dir='ltr'>Aber</span> <span class='ocrx_word' id='word_1_271' title='bbox 433 3663 489 3718; x_wconf 91' lang='lat' dir='ltr'>die</span> <span class='ocrx_word' id='word_1_272' title='bbox 521 3662 671 3733; x_wconf 71' lang='lat' dir='ltr'>Grande,</span> <span class='ocrx_word' id='word_1_273' title='bbox 726 3662 876 3733; x_wconf 85' lang='lat' dir='ltr'>Bejahung</span> <span class='ocrx_word' id='word_1_274' title='bbox 899 3662 1076 3731; x_wconf 85' lang='lat' dir='ltr'>bezeichnet,</span> <span class='ocrx_word' id='word_1_275' title='bbox 1108 3660 1217 3716; x_wconf 85' lang='lat' dir='ltr'>sowohl</span> <span class='ocrx_word' id='word_1_276' title='bbox 1240 3676 1288 3730; x_wconf 84' lang='lat' dir='ltr'>ge-</span> 
     </span>
     <span class='ocr_line' id='line_1_34' title="bbox 108 3730 1288 3804; baseline -0.003 -16"><span class='ocrx_word' id='word_1_277' title='bbox 108 3734 240 3789; x_wconf 82' lang='lat' dir='ltr'>welche</span> <span class='ocrx_word' id='word_1_278' title='bbox 259 3736 410 3790; x_wconf 85' lang='lat' dir='ltr'>ersterer</span> <span class='ocrx_word' id='word_1_279' title='bbox 428 3734 672 3790; x_wconf 80' lang='lat' dir='ltr'>farseineAn-</span> <span class='ocrx_word' id='word_1_280' title='bbox 726 3732 1172 3804; x_wconf 82' lang='lat' dir='ltr'>setztalsausgelassenwird.</span> <span class='ocrx_word' id='word_1_281' title='bbox 1215 3730 1288 3786; x_wconf 91' lang='lat' dir='ltr'>Phil.</span> 
     </span>
     <span class='ocr_line' id='line_1_35' title="bbox 109 3804 1290 3877; baseline 0.002 -17"><span class='ocrx_word' id='word_1_282' title='bbox 109 3804 251 3860; x_wconf 88' lang='lat' dir='ltr'>sichten</span> <span class='ocrx_word' id='word_1_283' title='bbox 275 3806 470 3876; x_wconf 81' lang='lat' dir='ltr'>vorbringt,</span> <span class='ocrx_word' id='word_1_284' title='bbox 505 3806 672 3861; x_wconf 86' lang='lat' dir='ltr'>erweisen</span> <span class='ocrx_word' id='word_1_285' title='bbox 726 3806 820 3874; x_wconf 80' lang='lat' dir='ltr'>Il,44:</span> <span class='ocrx_word' id='word_1_286' title='bbox 848 3806 930 3861; x_wconf 77' lang='lat' dir='ltr'>Visae</span> <span class='ocrx_word' id='word_1_287' title='bbox 953 3806 1042 3877; x_wconf 69' lang='lat' dir='ltr'>lpidus</span> <span class='ocrx_word' id='word_1_288' title='bbox 1064 3804 1290 3874; x_wconf 57' lang='lat' dir='ltr'>terminamus</span> 
     </span>
     <span class='ocr_line' id='line_1_36' title="bbox 108 3875 1288 3948; baseline -0.003 -16"><span class='ocrx_word' id='word_1_289' title='bbox 108 3877 187 3932; x_wconf 90' lang='lat' dir='ltr'>sich</span> <span class='ocrx_word' id='word_1_290' title='bbox 214 3876 264 3931; x_wconf 86' lang='lat' dir='ltr'>als</span> <span class='ocrx_word' id='word_1_291' title='bbox 292 3878 532 3948; x_wconf 77' lang='lat' dir='ltr'>ungenflgend.</span> <span class='ocrx_word' id='word_1_292' title='bbox 570 3876 672 3932; x_wconf 80' lang='lat' dir='ltr'>Cotta</span> <span class='ocrx_word' id='word_1_293' title='bbox 725 3876 929 3946; x_wconf 64' lang='lat' dir='ltr'>opucroldic,</span> <span class='ocrx_word' id='word_1_294' title='bbox 945 3878 1050 3947; x_wconf 79' lang='lat' dir='ltr'>opinor.</span> <span class='ocrx_word' id='word_1_295' title='bbox 1074 3876 1194 3945; x_wconf 76' lang='lat' dir='ltr'>Denp.</span> <span class='ocrx_word' id='word_1_296' title='bbox 1209 3875 1288 3941; x_wconf 69' lang='lat' dir='ltr'>leo:</span> 
     </span>
     <span class='ocr_line' id='line_1_37' title="bbox 108 3944 1289 4019; baseline -0.005 -16"><span class='ocrx_word' id='word_1_297' title='bbox 108 3948 265 4018; x_wconf 78' lang='lat' dir='ltr'>gedenkt</span> <span class='ocrx_word' id='word_1_298' title='bbox 291 3947 327 4002; x_wconf 89' lang='lat' dir='ltr'>in</span> <span class='ocrx_word' id='word_1_299' title='bbox 350 3948 426 4004; x_wconf 91' lang='lat' dir='ltr'>eine</span> <span class='ocrx_word' id='word_1_300' title='bbox 453 3947 570 4002; x_wconf 88' lang='lat' dir='ltr'>Kritih</span> <span class='ocrx_word' id='word_1_301' title='bbox 598 3948 673 4003; x_wconf 91' lang='lat' dir='ltr'>der·</span> <span class='ocrx_word' id='word_1_302' title='bbox 727 3948 958 4019; x_wconf 67' lang='lat' dir='ltr'>Stac&#39;nputteat.</span> <span class='ocrx_word' id='word_1_303' title='bbox 981 3947 1092 4003; x_wconf 81' lang='lat' dir='ltr'>Ebenso</span> <span class='ocrx_word' id='word_1_304' title='bbox 1107 3949 1164 4014; x_wconf 62' lang='lat' dir='ltr'>ita·</span> <span class='ocrx_word' id='word_1_305' title='bbox 1176 3964 1203 4016; x_wconf 90' lang='lat' dir='ltr'>p.</span> <span class='ocrx_word' id='word_1_306' title='bbox 1219 3944 1289 3999; x_wconf 87' lang='lat' dir='ltr'>Sull.</span> 
     </span>
     <span class='ocr_line' id='line_1_38' title="bbox 108 4018 957 4089; baseline 0.001 -16"><span class='ocrx_word' id='word_1_307' title='bbox 108 4018 232 4074; x_wconf 86' lang='lat' dir='ltr'>selben</span> <span class='ocrx_word' id='word_1_308' title='bbox 251 4019 481 4087; x_wconf 73' lang='lat' dir='ltr'>einzutreten,</span> <span class='ocrx_word' id='word_1_309' title='bbox 505 4019 673 4074; x_wconf 88' lang='lat' dir='ltr'>nachdem</span> <span class='ocrx_word' id='word_1_310' title='bbox 728 4025 758 4073; x_wconf 83' lang='lat'>3:</span> <span class='ocrx_word' id='word_1_311' title='bbox 777 4020 839 4087; x_wconf 81' lang='lat' dir='ltr'>Ito,</span> <span class='ocrx_word' id='word_1_312' title='bbox 857 4021 957 4089; x_wconf 73' lang='lat' dir='ltr'>inquit.</span> 
     </span>
     <span class='ocr_line' id='line_1_39' title="bbox 109 4087 1289 4158; baseline -0.002 -13"><span class='ocrx_word' id='word_1_313' title='bbox 109 4107 147 4145; x_wconf 88' lang='lat' dir='ltr'>er</span> <span class='ocrx_word' id='word_1_314' title='bbox 182 4091 307 4145; x_wconf 84' lang='lat' dir='ltr'>vorher</span> <span class='ocrx_word' id='word_1_315' title='bbox 344 4089 595 4146; x_wconf 79' lang='lat' dir='ltr'>ausdrdeklich</span> <span class='ocrx_word' id='word_1_316' title='bbox 624 4107 675 4144; x_wconf 92' lang='lat' dir='ltr'>er·</span> <span class='ocrx_word' id='word_1_317' title='bbox 766 4096 809 4145; x_wconf 79' lang='lat'>12.</span> <span class='ocrx_word' id='word_1_318' title='bbox 828 4093 901 4147; x_wconf 81' lang='lat' dir='ltr'>ratio</span> <span class='ocrx_word' id='word_1_319' title='bbox 920 4107 982 4146; x_wconf 77' lang='lat' dir='ltr'>cam</span> <span class='ocrx_word' id='word_1_320' title='bbox 999 4090 1119 4158; x_wconf 75' lang='lat' dir='ltr'>Lucilio,</span> <span class='ocrx_word' id='word_1_321' title='bbox 1138 4106 1160 4144; x_wconf 87' lang='lat' dir='ltr'>s.</span> <span class='ocrx_word' id='word_1_322' title='bbox 1174 4087 1196 4156; x_wconf 89' lang='lat'>1,</span> <span class='ocrx_word' id='word_1_323' title='bbox 1215 4093 1289 4143; x_wconf 72' lang='lat' dir='ltr'>ola</span> 
     </span>
     <span class='ocr_line' id='line_1_40' title="bbox 110 4160 825 4230; baseline 0.006 -16"><span class='ocrx_word' id='word_1_324' title='bbox 110 4161 210 4218; x_wconf 68' lang='lat' dir='ltr'>hlert</span> <span class='ocrx_word' id='word_1_325' title='bbox 228 4162 301 4230; x_wconf 87' lang='lat' dir='ltr'>hat,</span> <span class='ocrx_word' id='word_1_326' title='bbox 320 4162 387 4216; x_wconf 80' lang='lat' dir='ltr'>dall</span> <span class='ocrx_word' id='word_1_327' title='bbox 402 4179 437 4218; x_wconf 91' lang='lat' dir='ltr'>er</span> <span class='ocrx_word' id='word_1_328' title='bbox 451 4160 676 4216; x_wconf 86' lang='lat' dir='ltr'>alsPontifex</span> <span class='ocrx_word' id='word_1_329' title='bbox 729 4167 825 4218; x_wconf 80' lang='lat' dir='ltr'>tecum.</span> 
     </span>
     <span class='ocr_line' id='line_1_41' title="bbox 110 4231 1133 4305; baseline 0 -19"><span class='ocrx_word' id='word_1_330' title='bbox 110 4249 153 4286; x_wconf 89' lang='lat' dir='ltr'>an</span> <span class='ocrx_word' id='word_1_331' title='bbox 172 4232 236 4287; x_wconf 89' lang='lat' dir='ltr'>den</span> <span class='ocrx_word' id='word_1_332' title='bbox 254 4232 434 4305; x_wconf 87' lang='lat' dir='ltr'>positiven</span> <span class='ocrx_word' id='word_1_333' title='bbox 453 4231 676 4301; x_wconf 82' lang='lat' dir='ltr'>Grundlagen</span> <span class='ocrx_word' id='word_1_334' title='bbox 766 4239 808 4288; x_wconf 87' lang='lat'>14.</span> <span class='ocrx_word' id='word_1_335' title='bbox 824 4249 966 4305; x_wconf 70' lang='lat' dir='ltr'>pappare,</span> <span class='ocrx_word' id='word_1_336' title='bbox 986 4249 1007 4286; x_wconf 82' lang='lat' dir='ltr'>s.</span> <span class='ocrx_word' id='word_1_337' title='bbox 1022 4249 1044 4286; x_wconf 82' lang='lat' dir='ltr'>a.</span> <span class='ocrx_word' id='word_1_338' title='bbox 1059 4231 1133 4298; x_wconf 66' lang='lat' dir='ltr'>tlt.</span> 
     </span>
     <span class='ocr_line' id='line_1_42' title="bbox 111 4300 1293 4374; baseline 0 -17"><span class='ocrx_word' id='word_1_339' title='bbox 111 4304 172 4358; x_wconf 86' lang='lat' dir='ltr'>der</span> <span class='ocrx_word' id='word_1_340' title='bbox 196 4303 473 4373; x_wconf 82' lang='lat' dir='ltr'>Staatsreligion</span> <span class='ocrx_word' id='word_1_341' title='bbox 497 4302 675 4359; x_wconf 83' lang='lat' dir='ltr'>festhalte.</span> <span class='ocrx_word' id='word_1_342' title='bbox 767 4311 809 4359; x_wconf 78' lang='lat'>15.</span> <span class='ocrx_word' id='word_1_343' title='bbox 827 4321 862 4360; x_wconf 77' lang='lat' dir='ltr'>ae</span> <span class='ocrx_word' id='word_1_344' title='bbox 879 4305 947 4374; x_wconf 74' lang='lat' dir='ltr'>quid</span> <span class='ocrx_word' id='word_1_345' title='bbox 965 4304 1087 4359; x_wconf 73' lang='lat' dir='ltr'>incidiae</span> <span class='ocrx_word' id='word_1_346' title='bbox 1100 4303 1203 4358; x_wconf 74' lang='lat' dir='ltr'>subeat.</span> <span class='ocrx_word' id='word_1_347' title='bbox 1222 4300 1293 4372; x_wconf 81' lang='lat' dir='ltr'>Vgl.</span> 
     </span>
    </p>

    <p class='ocr_par' dir='ltr' id='par_1_8' title="bbox 149 4376 827 4445">
     <span class='ocr_line' id='line_1_43' title="bbox 149 4376 827 4445; baseline 0.003 -16"><span class='ocrx_word' id='word_1_348' title='bbox 149 4381 173 4429; x_wconf 85' lang='grc'>3.</span> <span class='ocrx_word' id='word_1_349' title='bbox 193 4393 278 4445; x_wconf 73' lang='lat' dir='ltr'>oeque</span> <span class='ocrx_word' id='word_1_350' title='bbox 295 4381 352 4431; x_wconf 82' lang='lat' dir='ltr'>tam</span> <span class='ocrx_word' id='word_1_351' title='bbox 370 4376 512 4444; x_wconf 75' lang='lat' dir='ltr'>refellendi</span> <span class='ocrx_word' id='word_1_352' title='bbox 537 4407 570 4417; x_wconf 85' lang='lat'>—-</span> <span class='ocrx_word' id='word_1_353' title='bbox 593 4392 676 4445; x_wconf 77' lang='lat' dir='ltr'>quom</span> <span class='ocrx_word' id='word_1_354' title='bbox 729 4376 749 4445; x_wconf 85' lang='grc' dir='ltr'>Ι,</span> <span class='ocrx_word' id='word_1_355' title='bbox 766 4382 827 4431; x_wconf 79' lang='lat'>123.</span> 
     </span>
    </p>

    <p class='ocr_par' dir='ltr' id='par_1_9' title="bbox 113 4443 1184 4518">
     <span class='ocr_line' id='line_1_44' title="bbox 113 4443 1184 4518; baseline -0.001 -17"><span class='ocrx_word' id='word_1_356' title='bbox 113 4476 146 4486; x_wconf 92' lang='grc'>-</span> <span class='ocrx_word' id='word_1_357' title='bbox 179 4446 352 4517; x_wconf 71' lang='lat' dir='ltr'>requirendi,</span> <span class='ocrx_word' id='word_1_358' title='bbox 381 4450 482 4518; x_wconf 82' lang='lat' dir='ltr'>gesagt</span> <span class='ocrx_word' id='word_1_359' title='bbox 514 4445 568 4502; x_wconf 87' lang='lat' dir='ltr'>mit</span> <span class='ocrx_word' id='word_1_360' title='bbox 598 4448 676 4501; x_wconf 87' lang='lat' dir='ltr'>einer</span> <span class='ocrx_word' id='word_1_361' title='bbox 768 4452 809 4502; x_wconf 82' lang='lat'>18.</span> <span class='ocrx_word' id='word_1_362' title='bbox 828 4448 854 4501; x_wconf 84' lang='lat' dir='ltr'>ai</span> <span class='ocrx_word' id='word_1_363' title='bbox 871 4445 974 4501; x_wconf 61' lang='lat' dir='ltr'>dicent</span> <span class='ocrx_word' id='word_1_364' title='bbox 992 4445 1045 4501; x_wconf 87' lang='lat' dir='ltr'>ete.</span> <span class='ocrx_word' id='word_1_365' title='bbox 1066 4443 1184 4511; x_wconf 79' lang='lat' dir='ltr'>s.1‚4c.</span> 
     </span>
    </p>
   </div>
   <div class='ocr_carea' id='block_1_7' title="bbox 0 0 1520 4800">
    <p class='ocr_par' dir='ltr' id='par_1_10' title="bbox 0 0 1520 4800">
     <span class='ocr_line' id='line_1_45' title="bbox 0 0 1520 4800; baseline 0 0"><span class='ocrx_word' id='word_1_366' title='bbox 0 0 1520 4800; x_wconf 95' lang='lat' dir='ltr'> </span> 
     </span>
    </p>
   </div>
  </div>
 </body>
</html>
