3017 4800
464 260 533 316 LIB.
547 261 568 317 Ι.
582 259 659 317 QAP.
673 267 787 317 aro-42.
807 267 822 328 5
839 267 987 318 113-118.
1271 265 1312 329 91

130 425 298 509 manibus,
317 429 356 489 ut
369 424 507 508 Xerxes,
526 424 583 489 sed
596 425 780 490 rationibus
795 424 927 491 deorum
942 424 1178 490 immortalium
1187 424 1312 509 templa

132 519 165 580 ct
189 537 263 580 aras
287 514 451 579 everterit.
499 513 584 590 Quid
607 520 658 578 est
681 514 782 600 enim,
806 536 864 579 our
887 514 963 579 deos
987 514 1028 579 ab
1051 513 1240 580 hominibus
1260 536 1311 580 co

95 598 100 607 ¹
132 603 247 670 lendes
276 603 379 688 dicas,
411 625 486 668 cum
518 604 564 668 dii
592 624 660 668 non
691 604 789 668 modo
821 603 970 669 homines
1002 625 1069 668 non
1101 603 1223 689 colant,
1255 604 1311 668 sed

131 693 267 759 omnino
289 691 376 757 nihil
398 697 525 778 curent,
547 691 631 757 nihil
653 692 778 779 agant?
813 692 860 757 At
879 696 929 757 est
943 714 1057 758 eorum
1076 692 1195 757 eximia
1214 704 1374 777 quae-116

91 782 208 847 adam
230 785 468 867 praestansque
496 787 630 866 natura,
662 787 700 847 ut
731 804 770 846 ea
802 781 919 847 debeat
948 781 1022 866 ipsa
1050 804 1108 866 per
1141 804 1176 847 se
1205 781 1246 846 ad
1276 803 1311 846 se

132 871 304 937 colendam
326 870 456 935 allicere
489 871 678 956 sapientem.
724 869 780 935 An
809 870 984 955 quicquam
1014 870 1169 935 eximium
1200 874 1312 955 potest

132 982 205 1026 esse
228 960 264 1024 in
287 963 474 1046 sanatura,
498 983 580 1046 quae
599 981 659 1024 sua
676 959 846 1044 voluptate
864 960 991 1024 laetans
1010 959 1095 1024 nihil
1117 981 1178 1024 nec
1197 963 1311 1025 actura

131 1050 178 1115 sit
196 1071 354 1134 umquam
375 1071 482 1134 neque
505 1053 584 1136 agat
606 1070 711 1133 neque
741 1048 869 1134 egerit?
902 1070 984 1133 quae
1012 1070 1110 1133 porro
1141 1048 1248 1133 pietas
1281 1049 1311 1114 ei

132 1138 285 1223 debetur,
303 1161 323 1202 a
341 1160 406 1223 quo
425 1137 509 1203 nihil
528 1137 715 1221 acceperis?
734 1141 792 1202 aut
811 1136 888 1222 quid
907 1137 1055 1221 omnine,
1073 1137 1164 1202 cuius
1183 1137 1311 1202 nullum

78 1247 112 1287 ιο
131 1227 290 1292 meritum
313 1226 370 1312 sit,
394 1227 424 1291 ei
446 1227 558 1292 deberi
580 1226 714 1312 potest?
759 1225 823 1292 Est
845 1226 932 1290 enim
961 1226 1068 1311 pietas
1098 1225 1227 1291 iustitia
1257 1226 1310 1291 ad-

131 1338 265 1382 versum
288 1315 379 1400 deos3
404 1338 478 1381 oum
501 1316 620 1402 quibus
644 1315 723 1401 quid
744 1319 857 1401 potest
878 1314 975 1381 nobis
1003 1337 1075 1381 esse
1106 1313 1204 1400 iuris,
1237 1337 1311 1380 cum

131 1404 261 1470 homini
282 1405 374 1469 nulla
397 1427 471 1470 cum
498 1405 558 1471 deo
587 1403 632 1471 sit
659 1404 900 1469 communitas?
929 1402 1093 1471 Sanctitas
1122 1408 1233 1469 autem
1260 1409 1311 1470 est

131 1494 273 1560 scientia
296 1493 506 1559 colendorum
528 1494 679 1579 deorum,
709 1494 766 1579 qui
790 1516 889 1579 quam
912 1493 955 1559 ob
981 1516 1052 1559 rem
1079 1492 1207 1558 colendi
1234 1494 1311 1578 sint,

130 1606 202 1649 non
222 1583 394 1669 intellego,
416 1583 508 1648 nullo
531 1606 592 1648 nec
615 1587 750 1667 accepto
774 1582 816 1646 ab
839 1582 880 1647 iis
902 1604 963 1647 nec
987 1586 1118 1667 sperato
1142 1582 1237 1647 bono.

80 1692 111 1734 15
225 1670 310 1747 Quid
333 1676 384 1736 est
407 1676 531 1757 autem,
560 1671 648 1758 quod
677 1671 755 1736 deos
785 1693 977 1736 veneremur
1005 1674 1140 1756 propter
1170 1670 1309 1735 admira·

131 1761 259 1826 tionem
283 1760 352 1825 eius
375 1765 526 1845 naturae,
548 1761 584 1826 in
607 1783 671 1847 qua
699 1760 870 1848 egregium
896 1759 980 1825 nihil
1007 1759 1177 1825 videmus?
1222 1758 1310 1824 Nam

132 1849 383 1936 superstitione,
407 1850 493 1935 quod
521 1849 657 1937 gloriari
687 1850 815 1933 soletis,
846 1848 943 1914 facile
975 1853 1026 1914 est
1057 1848 1203 1934 liberari,
1236 1871 1310 1914 cum

132 1938 307 2004 sustuleris
332 1960 462 2004 omnem
480 1939 547 2004 vim
570 1939 718 2024 deorum3
740 1938 807 2003 nisi
824 1937 911 2003 forte
929 1937 1109 2026 Diagoram
1129 1942 1186 2003 aut
1204 1936 1309 2003 Theo·

132 2028 264 2113 dorum,
288 2027 344 2112 qui
368 2028 501 2093 omnino
525 2028 602 2094 deos
626 2050 697 2093 esse
719 2027 899 2114 negabant,
928 2049 1039 2093 censes
1063 2027 1310 2112 superstitiosos

80 2138 113 2179 ao
133 2139 205 2182 esse
227 2116 385 2201 potuisse.
430 2116 504 2203 Ego
532 2139 573 2181 ne
601 2115 819 2204 Protagoram
847 2116 991 2202 quidem,
1019 2115 1072 2181 cui
1098 2121 1252 2181 neutrum
1274 2116 1310 2180 li-

132 2206 251 2291 cuerit,
274 2227 335 2271 neo
358 2228 429 2270 esse
452 2206 530 2272 deos
553 2227 704 2271 necnon
736 2228 816 2273 esse.
856 2205 985 2271 Horum
1008 2205 1096 2270 enim
1127 2205 1309 2270 sententiae

132 2294 282 2360 omnium
299 2316 367 2360 non
380 2295 477 2360 modo
497 2295 767 2379 superstitionem
784 2295 923 2379 tollunt,
944 2295 981 2358 in
999 2316 1082 2380 quae
1099 2294 1188 2360 inest
1209 2294 1310 2359 timor

131 2384 241 2450 inanis
265 2383 413 2471 deorum,
437 2385 493 2450 sed
517 2385 617 2451 etiam
639 2383 847 2472 religionem,
871 2407 954 2471 quae
977 2384 1112 2451 deorum
1136 2384 1226 2450 cultu
1253 2385 1309 2470 pio

133 2474 331 2540 continetur.
378 2472 485 2549 Quid?
508 2473 546 2560 ii,
569 2474 626 2561 qui
645 2474 797 2539 dixerunt
814 2479 921 2541 totam
940 2474 979 2539 de
998 2474 1047 2539 dis
1066 2474 1371 2540 imm01talibus118

81 2583 114 2624 as
133 2563 323 2648 opinionem
346 2563 458 2629 fictam
481 2586 552 2629 esse
574 2564 616 2629 ab
638 2563 828 2629 hominibus
858 2563 1062 2648 sapientibus
1085 2563 1133 2627 rei
1159 2562 1309 2646 publicae

133 2674 245 2737 causa,
268 2657 319 2737 ut,
343 2675 425 2737 quos
447 2653 534 2718 ratio
556 2675 624 2718 non
646 2657 772 2738 posset,
796 2674 851 2716 eos
874 2652 915 2716 ad
939 2651 1083 2716 officium
1111 2650 1227 2737 religio
1255 2650 1310 2714 du·

132 2745 238 2827 caret,
261 2763 370 2807 nonne
394 2764 525 2807 omnem
547 2741 741 2829 religionem
767 2740 916 2806 funditus
945 2739 1171 2805 sustulerunt?
1203 2738 1309 2815 Quid?

1328 1636 1372 1702 42

1321 1728 1371 1778 117

127 2949 311 3022 juristischcr
320 2950 531 3007 Schriftstcller.
550 2951 588 3004 Er
597 2950 636 3005 ist
645 2952 695 3007 der
749 2951 881 3020 ραπείας,
904 2968 957 3004 nur
980 2947 1037 3003 dall
1051 2947 1146 3003 Cicero
1165 2966 1201 3003 an
1221 2948 1309 3003 Stella

132 3023 222 3078 Vater
251 3023 301 3077 des
326 3022 428 3078 Pontis.
454 3038 527 3076 max.
559 3020 591 3087 Q.
621 3023 693 3077 lluc.
749 3022 798 3076 des
817 3020 1007 3093 allgemeinen
1026 3016 1157 3091 εὐσέβεια
1176 3020 1227 3075 das
1246 3036 1308 3090 spe·

132 3094 280 3150 Scaevola.
301 3081 389 3164 (liber
403 3093 502 3149 diesen
516 3093 617 3149 altini
632 3100 692 3160 §11
748 3093 862 3148 ciellers
894 3094 1028 3149 conditas
1058 3093 1142 3161 setzt,
1174 3091 1309 3147 wodurch

130 3166 191 3220 unu
210 3165 263 3231 111,
282 3167 338 3235 so.)
748 3165 795 3219 uie
813 3163 967 3220 nemausa
985 3181 1019 3218 zu
1037 3161 1104 3218 weit
1121 3162 1201 3218 wira.
1233 3150 1309 3217 doe:

171 3243 195 3292 1.
209 3242 242 3293 at
254 3237 374 3303 Xerses,
397 3254 418 3291 s.
437 3235 693 3304 Herod.VlIl,109.
747 3238 883 3292 sanctitas
901 3253 922 3291 s.
938 3241 953 3301 ς
967 3240 992 3292 9.

169 3316 194 3365 8.
222 3324 280 3362 noa
314 3309 412 3363 oolam.
456 3307 521 3377 Vgl.
544 3306 595 3362 Ov.
626 3307 693 3365 Met.
787 3314 827 3362 14.
844 3314 951 3377 specto
969 3305 1083 3362 vertritt
1106 3306 1156 3361 das
1176 3305 1309 3361 fahlende

130 3379 210 3446 VIII,
221 3384 285 3433 724:
306 3378 381 3434 (lura
395 3380 442 3448 pii
459 3380 503 3434 dic
515 3385 590 3448 aunt,
609 3385 634 3435 et
646 3380 696 3449 qai
748 3379 824 3435 Part.
843 3379 937 3435 Praes.
956 3370 1037 3434 Pasa.
1054 3373 1105 3431 ‘da
1128 3395 1161 3430 au
1184 3377 1309 3431 erhcffen

129 3450 251 3517 soleae,
271 3450 408 3505 colamur.
748 3445 808 3505 ist’.
845 3450 889 3504 Ad
908 3451 973 3505 fam.
988 3449 1022 3512 ΙΙ,
1038 3453 1062 3517 9,
1078 3454 1107 3501 1:
1136 3449 1221 3503 metor
1248 3464 1309 3503 cam

169 3526 194 3576 4.
214 3521 253 3576 A:
271 3527 433 3587 astrorum,
452 3526 562 3587 s.§15.
744 3524 895 3592 premente,
908 3526 966 3576 tam
980 3522 1062 3576 etiam
1075 3525 1184 3589 mnata
1203 3525 1252 3575 tua
1266 3519 1308 3574 di-

170 3592 408 3661 6.Anquicquam.
422 3592 479 3646 Das
486 3591 694 3662 widerlegsnde
747 3594 860 3664 peitate.
898 3591 926 3647 S.
945 3590 1079 3661 ngslsb.
1094 3590 1124 3644 1.
1140 3588 1180 3647 St.
1199 3595 1272 3659 596,
1284 3596 1308 3645 1.

127 3681 172 3718 an
199 3663 253 3717 mit
270 3662 367 3733 Bezug
394 3662 446 3717 auf
471 3662 516 3718 sin
540 3665 643 3719 vorhcr
661 3682 694 3718 zu
786 3670 827 3720 19.
838 3664 914 3719 Nam
927 3663 956 3717 in
967 3663 1017 3717 der
1026 3660 1184 3731 occupatio.
1203 3661 1310 3716 Fdhret

127 3734 490 3804 ergamendesm'tildicia
505 3735 693 3803 Ebensoll,2.
747 3734 829 3789 nieht
842 3752 890 3804 an,
906 3731 963 3788 dall
978 3732 1087 3804 Epikur
1101 3732 1309 3788 diellensahen
1424 3746 1426 3752 ‘

170 3811 212 3862 10.
231 3807 341 3861 iustitia
363 3807 508 3862 adeersum
526 3807 595 3861 deos.
633 3805 694 3861 Den
748 3822 805 3861 von
846 3805 910 3861 dem
947 3803 1147 3873 Aberglauben
1188 3804 1308 3870 baireio:

128 3875 267 3931 Stoikern
290 3875 345 3947 gill
363 3875 410 3932 die
428 3876 634 3947 Frdmmiglreit
651 3877 694 3931 als
748 3877 823 3932 dcnn
841 3878 895 3932 cte.
916 3908 951 3918 -
969 3877 1042 3946 quod
1064 3906 1098 3917 -
1123 3877 1227 3946 soletis,
1251 3876 1308 3945 vgl.

129 3946 196 4002 eine
212 3946 450 4019 Unterabtcilung
469 3947 693 4019 derGerechtig·
748 3954 822 4015 §aa

126 4017 200 4074 kcit.
239 4018 319 4073 Stob.
334 4020 386 4074 ecl.
407 4019 431 4072 ll
450 4038 477 4090 p.
494 4025 556 4075 106.
786 4025 827 4075 19.
842 4014 1196 4086 omniao‘ausdrucklmh',
1217 4015 1270 4072 wie
1287 4018 1308 4085 1,

168 4097 211 4145 11.
228 4086 692 4159 quid-iuris‘welehesRcchts·
748 4097 792 4148 29.
828 4089 908 4146 'I'use
923 4090 958 4157 V,
973 4096 1020 4144 21:
1048 4090 1116 4145 Non
1140 4104 1256 4158 usquam
1279 4089 1310 4145 id

130 4156 312 4216 verhtltnis’.
747 4163 856 4232 quidem
870 4163 938 4217 dicit
952 4161 1077 4224 mantne,
1090 4161 1222 4228 cedema
1231 4161 1309 4227 dicit,

167 4238 210 4287 13.
234 4233 351 4288 seientia
376 4234 548 4289 colendorum
573 4235 692 4291 deorum.
747 4234 819 4289 idem
854 4234 953 4289 voleat
981 4262 1015 4273 -
1047 4219 1124 4286 llbcr
1162 4230 1309 4302 Dispersa,

130 4304 213 4358 Auch
239 4302 317 4359 dieas
335 4303 491 4359 DefinItIon
516 4305 555 4359 ist
578 4304 693 4374 stoisch,
748 4306 918 4372 Iteodorua,
936 4303 1103 4373 Rotacoras
1121 4320 1143 4357 s.
1158 4309 1173 4369 ξ
1188 4308 1213 4357 2.

130 4374 215 4443 Diog.
229 4374 323 4431 Laert.
333 4375 394 4444 Vll,
408 4381 472 4430 119:
496 4373 572 4430 εἶναι
591 4374 622 4430 91
641 4372 693 4445 τὴν
784 4382 827 4431 21.
841 4376 878 4442 11,
892 4375 1089 4443 quietistarum,
1099 4373 1251 4430 besondars
1262 4372 1308 4428 dia

130 4442 282 4519 εὐσέβειαν
327 4442 482 4517 ἐπιστήμην
522 4448 602 4503 θεῶν
642 4450 693 4501 ds·
749 4444 910 4516 Sophistcn.
