3017 4800
189 237 255 303 184
573 233 622 286 DE
642 232 796 288 NATURA
814 232 981 288 DEORUM.

188 396 336 482 profecto
361 402 493 463 estnec
517 396 574 461 alii
598 397 749 482 cuiquam
773 419 793 462 a
815 396 865 462 dis
889 396 1130 473 immortalibus
1155 397 1241 464 data.
1280 396 1373 474 Quae

190 486 220 552 si
248 486 378 573 singula
400 509 459 551 vos
487 485 574 550 forte
597 508 665 550 non
688 490 849 571 movent,
862 486 1014 551 universa
1037 489 1124 552 certe
1147 491 1260 552 tamen
1281 487 1373 552 inter

191 598 226 641 se
251 597 372 641 conexa
395 579 494 660 atque
519 575 693 640 coniuncta
717 597 847 641 movere
870 575 1042 641 debebant.

129 677 182 728 164
281 663 351 728 Nec
383 686 460 729 vero
492 664 644 729 universo
677 664 790 750 generi
821 663 992 729 hominum
1025 664 1144 749 solum,
1182 665 1237 729 sed
1271 664 1374 729 ctiam

191 753 330 840 singulis
361 775 380 817 a
407 752 457 817 dis
480 752 722 818 immortalibus
746 753 873 818 consuli
896 758 930 818 et
952 753 1116 838 provideri
1139 755 1232 819 solet.
1278 753 1408 818 Licets
1505 752 1506 825 ἶ

191 841 279 906 enim
303 841 496 907 contrahere
519 842 768 908 universitatem
792 842 920 928 generis
944 842 1079 908 humani
1103 864 1239 928 eamque
1258 843 1375 928 grada-
1505 842 1506 861 ¹

127 935 172 999 66
191 931 253 996 tim
285 932 326 994 ad
356 931 542 1016 pauciores,
574 936 741 1015 postremo
775 931 930 996 deducere
959 932 1000 996 ad
1029 931 1187 1017 singulos.
1232 931 1320 997 Nam
1343 932 1375 996 si

192 1019 343 1085 omnibus
374 1019 577 1104 hominibus,
610 1020 667 1105 qui
696 1020 817 1105 ubique
848 1026 925 1086 sunt
955 1042 1157 1105 quacumque
1187 1021 1223 1085 in
1252 1043 1311 1086 ora
1334 1042 1374 1085 ac

190 1112 285 1193 parte
314 1112 476 1175 terrarum
500 1109 541 1173 ab
564 1108 699 1174 huiusce
722 1114 842 1194 terrae,
873 1131 971 1194 quam
993 1132 1054 1174 nos
1077 1110 1266 1195 incolimus,
1294 1132 1373 1175 con-

191 1197 375 1262 tinuatione
398 1198 606 1283 distantium,
629 1198 706 1263 deos
731 1198 899 1263 consulere
923 1220 1090 1263 censemus
1111 1200 1152 1263 ob
1172 1221 1227 1264 eas
1247 1221 1373 1284 causas,
1393 1222 1420 1262 ro

192 1309 273 1371 quas
297 1292 373 1351 ante
397 1286 551 1371 diximus,
579 1287 631 1352 his
656 1309 785 1372 quoque
807 1287 995 1352 hominibus
1020 1288 1207 1373 consulunt,
1231 1288 1288 1373 qui
1310 1287 1374 1353 has

131 1375 364 1441 1oonobiscum
387 1380 491 1440 terras
515 1377 556 1440 ab
581 1376 706 1441 oriente
729 1377 771 1440 ad
794 1376 996 1441 occidentem
1020 1377 1139 1451 colunt.
1179 1375 1238 1442 Sin
1259 1381 1374 1442 autem

192 1465 241 1529 tn
268 1465 456 1550 consulunt,
484 1465 541 1550 qui
568 1465 662 1551 quasi
685 1486 839 1552 magnam
863 1465 1025 1550 quandam
1047 1465 1190 1531 insulam
1212 1466 1373 1549 incolunt,

193 1575 291 1638 quam
318 1576 379 1618 nos
408 1555 520 1618 orbem
547 1558 654 1619 terrae
676 1576 845 1639 vocamus,
878 1555 977 1619 etiam
1000 1554 1066 1620 illis
1091 1556 1282 1640 consulunt,
1315 1555 1374 1640 qui

191 1647 302 1726 partes
326 1643 395 1707 cius
418 1642 544 1709 insulae
567 1647 694 1728 tenent,
721 1643 903 1729 Europam,
925 1643 1054 1728 Asiam,
1077 1643 1234 1710 Africam.
1279 1643 1373 1731 Ergo
1394 1666 1420 1707 rc

193 1735 227 1796 et
263 1754 374 1797 earum
409 1737 520 1816 partes
558 1731 713 1818 diligunt,
750 1737 788 1797 ut
823 1732 977 1818 Romam,
1009 1733 1170 1819 Athenas,
1208 1731 1373 1818 Spartam,

192 1819 360 1904 Rhodum,
393 1824 426 1884 et
459 1843 570 1886 earum
597 1821 728 1885 urbium
757 1822 935 1906 separatim
963 1822 1004 1886 ab
1032 1822 1193 1887 universis
1222 1822 1373 1909 singulos

192 1908 349 1995 diligunt,
380 1913 418 1973 ut
445 1908 565 1994 Pyrrhi
595 1909 681 1975 bello
711 1908 859 1996 Ourium,
888 1910 1090 1996 Fabricium,
1121 1908 1374 1996 Coruncanium,

192 1997 299 2082 primo
322 1997 446 2063 Punico
471 1996 670 2084 Calatinum,
698 1998 878 2085 Duellium,
905 1999 1089 2085 Metellum,
1117 1999 1302 2085 Lutatium,
1326 2023 1375 2065 se-

194 2086 298 2151 cundo
331 2087 524 2173 Maximum,
556 2087 761 2173 Marcellum,
791 2087 996 2172 Africanum,
1028 2093 1105 2175 post
1130 2088 1192 2155 hos
1222 2088 1374 2174 Paulum,
1394 2114 1421 2154 ro

193 2174 390 2261 Gracchum,
414 2173 585 2263 Catonem,
608 2182 780 2262 patrumve
803 2178 961 2243 memoria
985 2176 1186 2264 Scipionem,
1209 2179 1374 2264 Laelium3

193 2264 380 2349 multosque
407 2270 576 2349 praeterea
607 2271 640 2331 et
662 2271 777 2332 nostra
800 2267 915 2332 civitas
940 2271 973 2331 et
998 2266 1134 2332 Graecia
1157 2268 1235 2333 tulit
1258 2268 1373 2355 singu·

193 2352 278 2419 lares
310 2354 412 2440 viros,
444 2377 583 2441 quorum
612 2356 777 2421 neminem
806 2355 872 2421 nisi
900 2355 1033 2422 iurante
1062 2356 1121 2422 deo
1145 2357 1246 2422 talem
1268 2356 1374 2423 fuisse

134 2458 184 2510 166
195 2443 389 2509 credendum
426 2448 484 2509 est.
540 2443 629 2520 Quae
665 2446 751 2510 ratio
788 2450 902 2530 poetas
940 2468 1154 2531 maxumeque
1190 2445 1374 2512 Homerum

193 2709 278 2774 rium,
296 2708 505 2776 haruspicium).
524 2706 579 2761 Mit
592 2707 756 2778 Beziehung
850 2716 888 2764 10.
908 2710 1080 2764 distantium.
1099 2710 1266 2767 Posidonius
1286 2712 1374 2766 nahm

195 2777 246 2832 auf
261 2776 307 2832 die
327 2782 432 2833 erstere
450 2777 503 2831 Art
521 2777 591 2831 wird
617 2778 658 2832 sie
682 2780 756 2833 auch
811 2796 855 2847 an,
876 2779 932 2834 dall
952 2779 1040 2835 aulier
1058 2797 1188 2836 unserem
1210 2782 1374 2850 Erdkreise,

195 2847 257 2903 eino
282 2850 324 2904 cis
349 2866 387 2903 sc.
414 2850 511 2904 diuina
528 2853 665 2919 genennt,
691 2850 766 2905 weil(
810 2851 861 2904 der
897 2868 947 2905 aus
987 2853 1041 2905 den
1076 2852 1223 2908 Erdteilen
1249 2853 1374 2924 Europa,

195 2919 245 2974 der
263 2919 402 2989 gottliche
420 2919 501 2974 Geist
520 2937 570 2974 aus
590 2921 654 2974 dem
670 2920 757 2976 Seher
811 2922 907 2992 Asien,
964 2922 1064 2976 Afrilra
1116 2924 1240 2992 besteht‚
1297 2926 1373 2980 noch

196 2989 313 3061 spricht.
332 2991 375 3045 De
385 2990 442 3046 dir.
454 2992 474 3060 l,
485 2998 535 3047 80:
549 2993 600 3046 illa
610 2995 757 3047 concitatio
812 2992 873 3047 drei
901 2994 1004 3049 andere
1023 2994 1174 3049 Erdlrreise
1199 2994 1372 3063 existierten‚

195 3063 317 3117 declarat
330 3063 385 3117 cim
398 3063 431 3116 tn
444 3063 547 3117 unimus
559 3064 757 3118 escedictnam.
812 3064 920 3120 welche
946 3064 1042 3134 gleich
1071 3065 1167 3135 jerem
1198 3066 1252 3121 wie
1278 3068 1374 3121 Inseln

231 3140 256 3187 6.
285 3134 442 3188 contrahere
469 3135 672 3189 calamitatem
696 3151 756 3205 qen.
810 3152 876 3189 vom
911 3136 1005 3191 Meere
1050 3139 1201 3192 umstrtmt
1245 3139 1372 3193 wtirdon.

194 3204 283 3270 lium,
302 3202 353 3256 wir
385 3206 470 3257 etwa:
503 3221 569 3258 man
600 3204 677 3258 kann
709 3204 756 3259 die
810 3206 986 3275 Klecmedl,
999 3214 1024 3261 2.

195 3273 301 3329 Grenze
338 3290 424 3343 anger
460 3274 571 3342 ziehen,
609 3275 667 3328 und
698 3292 756 3329 von
848 3284 889 3332 12.
908 3278 960 3333 Sin
978 3286 1068 3334 autem
1087 3279 1156 3334 oder
1168 3298 1222 3333 nur
1239 3281 1285 3335 sin
1299 3281 1372 3335 nach

197 3345 247 3398 der
265 3343 442 3399 Gesamtheit
460 3346 511 3398 auf
536 3344 582 3400 die
611 3346 756 3400 einzelnen
785 3349 1104 3419 rvoraufgegangenem
1138 3352 1165 3405 ci
1196 3350 1227 3405 in
1255 3352 1306 3406 der
1329 3368 1372 3406 as-

196 3414 364 3470 Individuen
382 3415 521 3470 kommen.
811 3420 934 3489 sumptio
951 3420 1001 3475 dos
1022 3421 1265 3476 Kettenschlusses
1290 3440 1373 3477 wenn

231 3492 256 3543 8.
275 3504 443 3556 quacumque
460 3489 492 3541 in
506 3505 563 3543 ora.
589 3488 756 3613 {utcumque
809 3508 868 3544 nun
887 3487 975 3559 aber'‚
996 3490 1048 3546 wie
1068 3493 1174 3559 111,4c;
1193 3494 1240 3561 Ill,
1252 3499 1295 3549 52.

196 3558 238 3611 als
264 3557 393 3613 Pronom.
412 3558 500 3613 indef.
524 3558 564 3612 im
613 3559 678 3614 inne
700 3577 756 3615 von
817 3595 820 3602 .
846 3567 889 3616 tt.
897 3562 1031 3629 Rhodum,
1041 3564 1086 3616 die
1094 3564 1192 3618 aweite
1201 3564 1315 3618 Haimat
1323 3565 1373 3619 des

196 3629 756 3772 curacensiumheruteu
790 3588 1373 3761 '{steriumlitteratae·

196 3772 312 3838 ratione,
326 3787 491 3840 quocumque
502 3774 580 3828 modo
594 3774 666 3827 auch
677 3776 757 3827 sonat
848 3781 888 3830 18.
904 3777 1033 3846 diltpunt,
1045 3795 1066 3831 a.
1078 3782 1092 3842 ς
1104 3782 1372 3849 nuncuparentur.

196 3840 332 3895 auweilcn
349 3841 397 3896 bei
415 3841 525 3910 Cicer03
545 3863 567 3899 z.
584 3843 615 3899 Β.
630 3845 665 3898 de
684 3848 754 3900 orat.
845 3846 961 3901 Curium
992 3844 1085 3901 ‘einen
1119 3845 1238 3917 Curius’,
1275 3849 1373 3918 gleich

196 3914 217 3979 l,
226 3917 273 3969 51:
288 3930 455 3983 quacunque
469 3932 502 3969 ea
515 3922 586 3983 arte,
605 3916 641 3969 ad
656 3915 706 3980 ou.
721 3915 753 3971 fr.
810 3916 864 3970 den
874 3917 1028 3986 folgenden
1038 3920 1111 3973 ohne
1122 3919 1305 3988 Praenomen‚
1319 3920 1374 3975 wie

195 3984 320 4053 11‚1o‚1:
340 4001 507 4055 quacumque
525 3987 558 4041 de
575 4002 611 4040 re.
808 3988 987 4055 gewohnlich
1013 3987 1056 4043 ..in
1090 3990 1207 4044 solchen
1248 3991 1373 4046 Aufzah·

234 4062 258 4111 9.
278 4057 313 4110 ab
327 4057 439 4111 huiusce
447 4057 756 4112 terrae-continuati-
812 4057 925 4128 lungen.
961 4061 1026 4129 Vgl.
1041 4061 1151 4129 Tuscl,
1163 4067 1223 4117 110.

197 4128 470 4182 one=ubbacterra
480 4128 641 4191 continente,
656 4126 682 4182 d.
692 4126 711 4182 i.
721 4129 757 4183 ab
848 4135 891 4184 19.
911 4130 1069 4189 Calatinum
1088 4150 1110 4187 s.
1124 4132 1159 4202 ll,
1171 4139 1212 4188 61.

196 4199 470 4252 bocorbeterrarum.
485 4197 549 4265 Vgl.
562 4196 757 4252 Sendecons.
847 4207 890 4255 20.
922 4203 1058 4271 Paulum,
1092 4203 1146 4258 den
1179 4204 1278 4275 Sioger
1317 4223 1375 4261 von

200 4272 246 4321 18:
266 4268 411 4324 Vinculum
425 4275 757 4324 terrarnmoccanuscon-
812 4271 919 4340 Pydna.

196 4339 378 4393 tinuationem
404 4339 525 4409 pentium
556 4338 663 4407 trepitat
692 4341 758 4396 sinu
847 4348 890 4397 21.
911 4343 1076 4411 Gracchum,
1096 4361 1117 4400 s.
1132 4345 1167 4412 ΙΙ,
1176 4351 1218 4401 10.

196 4409 330 4464 scindens.
848 4414 989 4483 Catonem,
1007 4415 1132 4470 ntmlich
1150 4416 1317 4473 Cenandum.
