3017 4800
179 244 245 311 236
567 238 972 296 onrnraaroaoaon.

118 439 160 505 37
181 403 411 489 Improborum
433 404 537 490 igitur
559 403 796 489 prosperitates
820 403 1045 488 secundaeque
1065 424 1118 467 res
1146 402 1359 488 redarguunt,

127 530 161 581 89
180 497 219 558 ut
241 492 407 580 Diogenes
431 493 574 577 dicebat,
596 493 664 558 vim
687 514 818 557 omnem
841 493 977 557 deorum
1000 495 1268 576 acpotestatem.
1309 491 1360 555 At

179 604 248 646 non
269 603 449 667 numquam
471 582 576 647 bonos
600 581 706 647 exitus
729 581 854 646 habent
885 581 974 646 boni.
1019 580 1087 645 Eos
1118 580 1249 666 quidem
1279 579 1360 644 arri·

179 670 289 755 pimus
312 670 588 755 attribuimusque
612 670 682 735 sine
705 671 774 735 ulla
795 671 924 736 ratione
947 670 997 735 dis
1020 669 1272 734 immortalibus.
1308 668 1359 732 At

180 757 343 845 Diagoras
367 782 441 824 oum
461 757 709 824 Samothracam
731 759 890 845 venisset,
917 754 1021 834 ἄθεος
1052 759 1108 823 1111
1139 758 1195 843 qui
1227 756 1393 842 dicitur,a

181 852 280 933 atque
304 848 334 913 ei
357 849 490 933 quidam
508 848 631 913 amicus
650 846 737 932 ‘Tu,
761 849 827 933 qui
849 849 939 913 deos
962 852 1076 933 putas
1104 847 1270 912 humana
1295 869 1360 911 ne-

182 937 354 1023 glegere,
389 959 518 1002 nonne
550 937 828 1002 animadvertis
861 959 905 1002 ex
937 940 999 1002 tot
1034 936 1183 1001 tabulis
1219 935 1358 1020 pictis,

181 1048 294 1111 quam
317 1026 432 1090 multi
455 1026 559 1091 votis
583 1025 659 1091 vim
682 1026 936 1110 tempestatis
965 1024 1187 1111 effugerint
1209 1025 1249 1088 in
1270 1047 1360 1109 por-

181 1119 339 1200 tumque
362 1115 463 1180 salvi
484 1112 782 1199 pervenerintl’,
802 1109 882 1180 ‘Ita
903 1109 978 1199 fit',
1005 1114 1127 1200 inquit,
1151 1109 1232 1178 ‘illi
1258 1114 1359 1178 enim

180 1226 373 1289 nusquam
395 1203 495 1287 picti
518 1207 622 1287 sunt,
646 1204 711 1288 qui
733 1203 944 1290 naufragia
973 1202 1152 1269 fecerunt
1181 1202 1221 1267 in
1243 1201 1360 1267 mari·
1379 1223 1409 1264 ro

182 1314 254 1378 que
276 1291 496 1378 perierunt?
540 1291 704 1376 Idemque,
727 1314 802 1357 cum
821 1293 851 1357 ei
868 1292 1040 1379 naviganti
1057 1296 1204 1357 vectores
1223 1291 1360 1356 adversa

180 1385 379 1465 tempestate
402 1381 511 1445 timidi
534 1385 568 1445 et
588 1381 759 1466 perterriti
781 1382 927 1447 dicerent
949 1403 1016 1446 non
1038 1380 1159 1445 iniuria
1186 1380 1251 1445 sibi
1276 1380 1359 1444 illud

182 1470 341 1555 accidere,
364 1470 421 1555 qui
442 1470 537 1534 illum
559 1470 596 1533 in
618 1471 753 1534 eandem
774 1493 892 1535 navem
910 1470 1124 1554 recepissent,
1147 1469 1293 1534 ostendit
1311 1469 1359 1535 eis

182 1558 218 1622 in
246 1559 360 1624 eodem
391 1581 488 1624 eursu
520 1559 641 1623 multas
671 1559 752 1624 alias
784 1560 972 1625 laborantes
1005 1558 1244 1643 quaesivitque,
1279 1581 1360 1623 num

184 1647 284 1712 etiam
306 1647 342 1711 in
364 1648 405 1712 iis
429 1647 567 1713 navibus
590 1646 771 1734 Diagoram
793 1647 868 1713 vehi
891 1648 1067 1713 crederent.
1115 1645 1169 1712 Sic
1197 1647 1284 1712 enim
1306 1670 1359 1712 res
1380 1667 1408 1711 rs

183 1758 218 1801 se
241 1736 354 1822 habet,
377 1741 415 1801 ut
438 1737 479 1801 ad
500 1758 692 1822 prosperam
724 1737 933 1802 adversamve
962 1736 1147 1822 fortunam,
1177 1736 1283 1821 qualis
1313 1737 1359 1801 sis

130 1835 165 1885 90
184 1829 241 1889 aut
265 1847 360 1910 quem
384 1825 425 1889 ad
448 1825 579 1890 modum
604 1825 737 1910 vixeris,
759 1825 844 1890 nihil
866 1825 1007 1890 intersit.
1052 1824 1129 1891 Non
1159 1825 1360 1890 animadver-

183 1918 273 1997 tunt,
296 1914 418 1999 inquit,
441 1914 551 1980 omnia
573 1913 620 1999 di,
642 1936 684 1979 ne
714 1937 808 2001 reges
839 1915 979 2000 quidem.
1033 1913 1117 1990 Quid
1147 1918 1198 1980 est
1230 1914 1361 1979 simile?

121 2001 164 2068 38
183 2000 292 2087 Reges
316 2003 404 2066 enim
427 2002 456 2067 si
478 2004 618 2068 scientes
641 2004 925 2089 praetermittunt,
955 2025 1076 2089 magna
1106 2004 1202 2088 culpa
1231 2007 1294 2088 est3
1324 2008 1362 2068 at

184 2091 244 2155 deo
267 2113 308 2155 ne
331 2091 499 2156 excusatio
522 2093 654 2177 quidem
677 2097 728 2158 est
750 2093 951 2158 inscientiae.
986 2090 1090 2167 Quem
1112 2115 1171 2157 vos
1194 2093 1360 2177 praeclare
1379 2115 1409 2156 so

184 2178 371 2265 defenditis,
394 2202 469 2244 cum
491 2181 600 2245 dicitis
625 2204 696 2246 eam
719 2181 787 2246 vim
805 2182 940 2248 deorum
960 2203 1040 2266 esse,
1062 2186 1109 2267 ut,
1132 2181 1263 2246 etiamsi
1286 2182 1360 2266 quis

184 2273 291 2333 morte
326 2291 449 2353 poenas
487 2270 617 2334 sceleris
655 2270 821 2356 effugerit,
858 2275 1052 2355 expetantur
1087 2292 1144 2335 eae
1180 2291 1303 2356 poenae
1341 2293 1362 2334 a

184 2356 312 2443 liberie,
334 2379 354 2422 a
375 2358 567 2445 nepotibus,
590 2382 610 2424 a
628 2360 779 2445 posteris.
811 2359 976 2427 Omiram
995 2360 1195 2446 aequitatem
1213 2360 1361 2426 deorum!

221 2575 246 2624 2.
265 2574 298 2624 at
316 2568 452 2640 Diogenes
469 2571 591 2625 dicebat:
610 2568 659 2639 111,
669 2576 713 2626 80.
835 2576 878 2626 22.

222 2646 246 2695 6.
266 2640 417 2711 Diagoras,
436 2658 458 2695 s.
472 2659 494 2695 a.
510 2641 530 2707 Ι,
546 2646 570 2695 2.

221 2717 246 2766 6.
265 2713 372 2766 amices
394 2728 432 2766 sc.
456 2713 577 2767 demeret.
617 2711 671 2766 Die
694 2729 744 2765 an·

184 2781 382 2851 gevbhnliche
423 2781 531 2852 llllipse
568 2782 618 2837 des
659 2783 745 2839 Verb.

186 2853 297 2908 dicendi
323 2853 361 2907 im
389 2852 565 2923 Konjunktiv
593 2853 665 2907 wird
696 2871 745 2924 ge·

898 2577 1061 2641 eapaaatar
1079 2587 1186 2641 poenae
1212 2589 1232 2627 a
1259 2571 1360 2626 leberia

799 2642 865 2728 Vgl.
882 2642 911 2697 ll.
927 2642 972 2712 IV,
986 2649 1048 2698 160:
1069 2645 1149 2712 εἴπερ
1174 2638 1229 2713 γάρ
1255 2661 1285 2696 τε
1311 2643 1362 2696 καὶ

800 2708 893 2767 αυτλιι’
912 2709 1059 2783 Ὀλύμπιος
1077 2709 1131 2768 οὐκ
1150 2708 1302 2781 ἐτέλεσσεν,
1329 2711 1362 2768 ἔτι

799 2780 971 2853 reccidat
996 2788 1081 2839 τελεῖ·
1111 2782 1162 2839 σύν
1190 2803 1220 2839 τε
1248 2781 1361 2858 μεγάλῳ

800 2851 949 2924 ἀπέτισαν,
986 2853 1038 2910 σὺν
1070 2857 1174 2926 σφῇσιν
1210 2857 1361 2927 κεφαλῇσι,

184 2924 298 2978 mildert
317 2925 405 2979 durch
423 2925 479 2979 den
496 2924 746 2994 voraufgehenden

185 2993 361 3063 Konjunktiv
379 2999 501 3051 cenaret.

223 3072 355 3122 aecae
385 3069 488 3123 tabulis
515 3069 616 3137 pictis,
647 3066 746 3122 Votiv·

186 3135 323 3205 gemalde,
343 3138 395 3190 auf
409 3139 536 3193 walchen
550 3138 597 3193 die
616 3155 672 3193 von
690 3140 746 3193 den

187 3205 437 3276 Schiffbrdchigen
449 3210 678 3264 uberstandenen
691 3208 744 3266 Ge·

185 3277 285 3330 fahren
324 3278 492 3347 dargestellt
527 3297 629 3335 waren.
679 3280 745 3335 Man

185 3347 290 3419 pflegte
314 3347 355 3403 sie
380 3348 411 3402 in
437 3349 493 3403 den
516 3349 652 3419 Tempeln
682 3352 744 3406 dor-

183 3418 301 3488 jenigen
337 3418 504 3474 Gottheiten
540 3422 744 3493 aufzuhangen,

187 3491 278 3545 denen
296 3507 362 3545 man
385 3490 461 3546 aeine
480 3492 606 3561 Rettung
628 3511 661 3546 aa
683 3510 744 3548 ver·

187 3561 299 3616 danken
316 3562 442 3632 glaubte.
470 3563 661 3632 Hor.carm.l,
672 3570 744 3633 5,1s;

186 3633 238 3688 sat.
253 3633 287 3698 Π,
298 3639 320 3700 1,
331 3649 365 3688 aa.

223 3709 248 3757 9.
266 3704 314 3757 Ita
331 3706 372 3771 fit,
392 3703 454 3758 eine
472 3704 584 3759 Formel
603 3705 653 3760 der
678 3723 744 3761 con-

187 3772 289 3840 cessio;
308 3773 441 3828 ironisch.

223 3850 265 3900 16.
288 3846 326 3900 aa
347 3862 508 3915 prosperam
534 3878 568 3888 -
594 3849 746 3916 fortunam.

186 3914 297 3986 Wegen
315 3918 353 3971 ad
372 3935 392 3972 s.
412 3936 433 3972 z.
449 3918 470 3984 Ι,
482 3922 505 3971 1,

225 3993 266 4043 18.
285 3989 386 4057 inquit,
406 4006 427 4044 s.
441 4008 463 4044 z.
479 3990 499 4057 I,
514 3995 572 4044 102.

224 4065 265 4114 19.
275 4077 376 4131 11119111
384 4062 466 4129 calpa
477 4068 523 4115 est.
551 4060 634 4115 Nach
648 4061 746 4117 diesen

186 4128 306 4185 Worten
331 4134 463 4187 erwartet
491 4149 558 4186 man
583 4132 664 4187 einen
693 4134 745 4188 Ge·

188 4200 300 4256 danhen
318 4202 385 4274 pie:
404 4205 429 4258 se'
447 4204 603 4266 inscanter,
624 4206 747 4273 aliquam

187 4272 287 4327 habeat
304 4276 510 4329 accusationem.
535 4274 671 4329 Derselbe
686 4275 748 4329 leot

188 4340 250 4394 sich
272 4342 377 4410 jedoch
403 4344 493 4399 leicht
518 4362 568 4400 aas
595 4345 659 4399 dem
683 4346 746 4400 Fol-

188 4412 300 4479 genden
318 4419 463 4483 erganaen.

799 2928 915 2996 γυναιξί
929 2946 958 2981 τε
977 2926 1027 2980 καὶ
1045 2924 1194 2983 τεκέεσσιν.
1215 2926 1271 2983 Sol.
1286 2927 1361 2995 XIll,

802 3004 833 3052 31
858 2997 965 3067 Bergk:
992 2996 1115 3053 ἀναίτιοι
1142 2996 1210 3069 ἔργα
1234 3001 1361 3053 τίνουσιν

800 3063 821 3159 ἢ
837 3071 940 3131 παῖδες
958 3067 1066 3123 redama
1081 3065 1224 3140 (ἆλιτρῶν)
1242 3062 1260 3139 ἢ
1278 3068 1362 3140 γένος

800 3160 840 3193 ων
860 3136 977 3197 ὀπίσω..
995 3139 1091 3211 Eurip.
1110 3142 1138 3196 b.
1161 3141 1234 3197 Plut.
1258 3142 1285 3195 d.
1307 3158 1360 3196 ser.

799 3229 873 3265 num.
888 3210 964 3267 vind.
979 3230 1006 3281 p.
1021 3218 1069 3268 48:
1088 3208 1124 3266 τὰ
1141 3213 1198 3266 τῶν
1220 3209 1361 3267 τεκόντων

800 3279 937 3352 σφάλματ’
968 3283 1008 3343 εἰς
1033 3278 1099 3345 τούς
1132 3278 1267 3354 ἐκγόνους
1293 3282 1362 3337 θεολ

799 3351 940 3422 τρέπουσι.
990 3355 1056 3410 Hor.
1086 3371 1170 3409 carm.
1204 3354 1256 3423 ΙΙΙ,
1280 3360 1309 3423 t,
1334 3371 1360 3409 1:

799 3425 910 3480 Delicta
933 3428 1084 3481 ‘maiorum
1112 3427 1263 3481 imrneritas
1293 3426 1360 3494 lues,

799 3497 932 3552 Romane.

835 3573 877 3623 23.
899 3567 922 3622 O
940 3569 1039 3621 miram
1052 3569 1216 3637 aequitatem
1234 3568 1362 3624 aarum!

799 3636 857 3691 Aus
871 3637 1020 3692 Plutarchs
1037 3639 1143 3693 Schrift
1157 3638 1191 3692 de
1207 3655 1259 3694 ser.
1284 3656 1361 3694 num.

799 3708 874 3764 vind.
898 3728 926 3779 p.
949 3716 983 3765 bt
1004 3710 1051 3779 flg.
1077 3710 1121 3765 ed.
1144 3709 1289 3779 Wyttenb.
1318 3727 1361 3764 er·

798 3779 909 3834 konnen
923 3780 982 3848 wir,
996 3781 1051 3836 wie
1065 3782 1111 3835 die
1127 3780 1240 3836 Stoilrer
1253 3780 1361 3835 diesem

801 3849 941 3905 Einwurfe
966 3853 1154 3922 begegneten.
1201 3853 1247 3908 Sie
1273 3852 1361 3907 sehen

801 3922 856 3976 den
889 3921 970 3977 staca
1001 3940 1037 3978 an
1069 3925 1112 3978 als
1144 3922 1206 3978 eino
1241 3924 1361 3992 πρᾶγμα

801 3991 917 4063 συνεχὲς
953 3989 1046 4062 ὥσπερ
1084 3995 1168 4067 ζῷον,
1214 3994 1271 4048 und
1313 3993 1361 4048 die

800 4063 991 4120 mensohliehe
1025 4065 1215 4121 Gesellschaft
1245 4065 1288 4119 als
1313 4064 1361 4117 ein

800 4132 946 4192 πολιτικὸν
961 4133 1094 4207 σύστημα,
1114 4137 1144 4191 in
1159 4137 1296 4192 walchem
1309 4134 1361 4189 der

802 4206 926 4261 einzelne
963 4207 1008 4262 ein
1044 4207 1128 4262 Glied
1165 4208 1215 4263 des
1247 4205 1361 4262 Ganzen

800 4277 900 4332 bildet.
958 4278 1022 4333 Wie
1057 4278 1149 4333 dieser
1184 4297 1242 4332 nun
1276 4279 1362 4332 nabet

802 4348 900 4402 seinen
913 4348 1127 4404 Nachkommen
1140 4349 1235 4404 Anteil
1250 4366 1286 4403 an
1295 4348 1361 4402 dem

802 4417 895 4474 Guten
909 4420 971 4489 hat,
983 4421 1084 4475 dassen
1098 4420 1159 4476 sich
1174 4420 1360 4477 1116111111-
