3017 4800
216 248 283 315 240
380 244 429 298 os
447 210 601 299 sunu
619 243 784 300 ououuu.
806 243 874 300 uo.
890 244 936 300 111.
951 242 1029 299 err.
1043 250 1086 299 ιο.
1102 250 1173 314 ser,
1189 251 1232 300 95.

216 409 307 494 fioes,
331 412 462 474 sanolos
486 431 556 474 esse
580 408 689 474 dicitis
710 408 965 493 diligeniiusque
983 409 1099 473 urbem
1115 409 1275 496 religione
1294 434 1405 496 quam

217 497 298 582 ipsis
317 498 488 563 moenibus
508 497 655 583 cingitis,
680 519 762 583 quae
780 498 885 562 deseri
904 520 923 562 a
942 520 1002 583 me,
1021 497 1099 562 dum
1118 499 1248 583 quidem
1267 501 1404 584 spirare

161 600 198 649 95
217 591 347 672 potero,
369 585 462 652 nefas
485 587 601 651 iudico.
648 586 732 650 Tum
750 584 861 651 Cotta:
885 586 1058 673 Ego'vero
1082 590 1116 651 ei
1142 592 1220 671 opio
1239 589 1403 672 redargui

217 698 283 763 me,
306 675 424 760 Balbe,
447 680 481 740 ei
504 698 555 762 ea,
578 698 661 761 quae
684 675 862 760 disputavi,
885 676 1044 741 disserere
1067 677 1168 740 malui
1191 699 1290 761 quam
1312 678 1403 742 iudi·

217 788 291 830 eare
314 769 348 829 ei
369 764 465 830 facile
483 787 535 830 me
559 768 634 829 aie
657 765 744 830 vinci
767 786 863 848 posse
887 769 976 831 serio
1000 765 1077 830 seio.
1123 763 1260 851 Quippe,
1282 767 1437 852 inquito

217 853 372 938 Velleius,
396 854 453 939 qui
476 855 577 919 etiem
600 854 728 919 somnia
749 858 845 937 putei
868 853 908 919 od
931 876 991 920 nos
1015 854 1105 919 mitri
1128 855 1169 919 ab
1192 854 1284 941 Iove,
1308 879 1399 941 quae

216 943 289 1027 ipse
311 946 423 1007 tamen
440 948 510 1008 iam
527 943 612 1009 levia
629 965 697 1008 nou
715 947 802 1027 suni,
825 966 923 1027 quem
941 947 993 1008 est
1012 942 1198 1009 Stoicorum
1217 944 1255 1009 de
1273 950 1400 1010 natura

217 1033 352 1097 deorum
376 1033 491 1099 oratio.
516 1032 626 1097 'Haeo
650 1054 724 1097 oum
752 1037 862 1097 esseni
894 1032 994 1117 dicia,
1023 1034 1072 1098 ite
1101 1033 1323 1119 discessimus,
1354 1038 1399 1098 ul

217 1120 344 1186 Velleio
355 1118 473 1187 Colles
496 1121 677 1207 disputatio
695 1121 812 1206 verior,
835 1121 917 1186 mihi
934 1120 1032 1187 Balbi
1050 1122 1091 1187 ed
1109 1123 1258 1188 veritatis
1278 1123 1398 1189 simili·
1445 1168 1449 1175 -

216 1210 364 1275 tudinem
386 1210 551 1276 videretur
575 1233 645 1275 esse
666 1210 878 1295 propensior·
1417 1231 1446 1273 ro

253 1443 277 1492 1.
313 1444 422 1493 sanctos
465 1454 520 1493 esse
560 1439 661 1493 dicitis.
723 1436 777 1492 Die
831 1440 966 1506 indicare,
986 1437 1033 1492 ein
1048 1437 1220 1509 endgiliiges
1234 1438 1326 1493 Urieil
1341 1441 1395 1494 ab·

215 1508 333 1562 Mouern
351 1509 467 1576 sowohI,
487 1508 586 1563 slsdie
596 1526 684 1579 ganzo
695 1508 778 1564 sudi
830 1511 930 1579 geben.

215 1579 315 1633 helien
335 1580 425 1633 durch
443 1579 712 1650 dielnauguretion
729 1582 777 1635 die
867 1586 891 1635 ὅ.
930 1581 1036 1652 Quippe
1055 1598 1093 1635 se.
1111 1581 1195 1649 facile
1212 1583 1248 1636 ab
1271 1598 1302 1637 eo
1329 1583 1393 1637 oin·

215 1650 348 1714 religiose
385 1650 487 1706 Weihe
532 1652 668 1706 ethelleu
723 1651 776 1706 Die
831 1653 900 1707 seris
917 1648 1092 1721 ‘nstr'irlieh',
1111 1651 1245 1718 ironiseh.
1281 1652 1347 1722 Vgl.
1363 1671 1392 1723 p.

216 1720 396 1776 Stedtmeuer
415 1741 450 1776 zu
468 1723 617 1791 verletzen,
637 1724 700 1792 gell
713 1723 776 1777 des·
830 1723 900 1778 Mur.
921 1730 967 1778 742
986 1723 1063 1795 Erpo
1082 1725 1121 1779 ad
1138 1741 1232 1779 ernam
1247 1726 1394 1793 petitionis

215 1792 283 1846 helb
311 1795 356 1846 fiir
383 1792 431 1847 ein
458 1793 655 1863 Sakrilegium.
701 1794 777 1849 Plut.
831 1810 916 1849 oense
933 1796 1151 1863 eipennoni,
1177 1794 1394 1851 enedemnetnr?

213 1864 296 1918 Rom.
311 1871 354 1919 11:
375 1860 454 1919 ἅπαν
474 1861 505 1920 τὸ
526 1873 618 1934 τεῖχος
637 1862 725 1933 ἱερὸν.
831 1865 949 1936 Quippe,
978 1867 1079 1937 inquit,
1105 1873 1136 1921 tn
1161 1868 1230 1921 milri
1253 1883 1393 1922 snmmnm

251 1938 514 2007 sonorosoque.
552 1938 621 2006 Opto
638 1938 692 1992 mit
710 1937 775 1992 dem
829 1938 974 2005 imperinm
995 1944 1074 2006 petes
1102 1939 1226 2006 fovendis
1248 1939 1393 1994 hominnm

215 2006 293 2059 Infin.
332 2009 402 2061 siuti
437 2015 469 2063 ni
508 2008 608 2063 findet·
634 2007 695 2063 sich
726 2008 774 2064 bei
828 2010 956 2072 sensibus,
983 2015 1008 2064 et
1040 2010 1207 2064 deleniendis
1233 2011 1337 2066 animis
1365 2015 1393 2066 et

215 2074 313 2132 Cicero
336 2096 389 2132 nur
413 2079 488 2133 nooh
506 2079 543 2132 ad
561 2079 627 2136 fam.
643 2079 677 2148 X,
698 2086 741 2150 20,
762 2096 775 2135 s
828 2080 991 2135 adhibendis
1008 2081 1202 2150 voluptatibus.

214 2149 272 2201 und
292 2149 327 2203 de
347 2152 416 2205 oret.
431 2150 505 2218 Les.
864 2157 889 2206 9.
917 2152 987 2206 ndi
1015 2184 1047 2191 —
1072 2153 1246 2222 propensior,
1274 2169 1295 2207 s.
1314 2151 1391 2207 Einl.

232 2220 773 2292 4.diseerere,seineAnsiehivortrageu‚
828 2227 900 2288 512.
