3017 4800
215 198 279 262 174
596 194 644 247 DE
664 194 818 249 NATURA
836 194 1000 275 DEORUM.
1263 266 1269 273 .
1498 202 1499 261 ,

213 359 270 456 qpi
286 359 413 447 ,sentire
436 382 564 442 eorum,
588 359 706 443 quibus
730 359 905 444 vescimur,
928 382 1048 447 genera
1072 361 1180 446 debet,
1202 360 1333 425 habitat
1347 361 1391 424 in
1498 350 1499 379 ²

107 516 111 523 ,
213 470 251 512 ea
280 448 374 532 parte
404 448 484 534 oris,
515 471 578 533 qua
609 448 784 512 esculentis
812 452 845 512 et
867 449 1048 535 potulentis
1071 449 1134 514 iter
1156 455 1276 514 natura
1298 454 1389 534 pate-

213 536 300 601 fecit.
346 536 466 602 Tactus
497 541 607 601 autem
637 541 709 602 toto
740 559 876 621 corpore
906 538 1121 623 aequabiliter
1135 538 1234 611 ¹fusus
1259 542 1323 622 est,
1353 543 1391 602 ut

214 648 325 691 omnes
348 626 433 690 ictus
459 649 635 711 omnesque
658 626 811 714 minimos
836 630 869 690 et
889 627 1022 712 frigoris
1043 633 1076 692 et
1095 628 1211 707 caloris
1231 628 1389 712 appulsus
1418 647 1422 655 ·

214 715 334 779 sentire
364 715 538 799 possimus.
582 715 692 801 Atque
722 720 760 779 ut
788 715 824 778 in
853 716 1008 780 aedificiis
1038 717 1210 781 architecti
1236 720 1425 780 avertunts
1498 744 1499 749 ¹

213 804 254 868 ab
274 804 376 869 oculis
394 805 593 889 naribusque
611 805 818 870 dominorum
832 827 879 888 ea,
898 827 979 889 quae
994 805 1190 889 profluentia
1203 805 1389 870 necessario
1498 812 1499 819 ’

213 892 312 957 taetri
342 898 451 958 essent
481 893 604 978 aliquid
633 894 800 979 habitura,
830 894 877 958 sic
906 899 1025 958 natura
1051 917 1103 959 res
1127 894 1250 959 similes
1274 895 1391 978 procul

214 982 400 1047 amandavit
436 1006 455 1047 a
490 982 649 1048 sensibus.
704 982 784 1058 Quis
810 1000 893 1048 ‘vero
926 983 1035 1067 opifex
1066 988 1196 1068 praeter
1226 987 1390 1067 naturam,
1498 1036 1499 1061 ,

214 1094 278 1156 qua
308 1071 392 1136 nihil
422 1076 533 1155 potest
565 1094 636 1136 esse
668 1071 830 1157 callidius,
864 1077 992 1137 tantam
1024 1073 1203 1137 sollertiam
1235 1068 1412 1157 persequi'

97 1203 101 1209 -
213 1161 376 1245 potuisset
398 1161 434 1224 in
457 1160 629 1225 sensibus?
652 1183 735 1246 quae
753 1161 896 1244 primum
916 1162 1026 1226 oculos
1046 1160 1244 1226 membranis
1263 1161 1389 1225 tenuis·
1410 1182 1439 1221 ro
1498 1164 1499 1167 ’

214 1249 305 1314 simis
335 1249 469 1313 vestivit
499 1254 532 1314 et
551 1250 699 1334 saepsit3
732 1272 813 1335 quas
843 1250 986 1334 primum
1015 1251 1197 1335 perlucidas
1225 1250 1318 1336 fecit,
1351 1254 1390 1314 ut
1498 1312 1499 1321 ,

213 1360 271 1422 per
304 1361 357 1403 eas
391 1339 478 1403 cerni
510 1343 635 1424 posset,
653 1340 777 1403 vfirmas
810 1343 933 1425 autem,
965 1344 1003 1403 ut
1035 1339 1292 1424 continerentur,
1331 1339 1390 1405 sed

136 1484 139 1487 ,
213 1427 355 1492 lubricos
389 1429 499 1492 oculos
531 1425 626 1492 fecit'
643 1433 675 1492 et
708 1424 860 1512 mobiles,
891 1433 929 1492 ut
957 1433 990 1493 et
1013 1429 1225 1513 declinarent,
1258 1429 1287 1493 si
1310 1427 1390 1512 quid
1498 1448 1499 1469 ¹

212 1521 358 1600 noceret,
386 1522 420 1581 et
442 1521 624 1601 aspectum,
648 1540 711 1602 quo
735 1518 869 1600 vellent,
898 1516 994 1581 facile
1018 1521 1257 1602 converterent,
1289 1517 1390 1582 acies·

214 1628 275 1690 que
298 1605 384 1690 ipsa,
414 1629 479 1690 qua
502 1607 677 1691 cernimus,
707 1629 790 1690 quae
812 1607 935 1690 pupula
956 1611 1105 1691 vocatur,
1134 1607 1182 1671 ita
1204 1629 1305 1691 parva
1328 1609 1389 1690 est,
1410 1626 1439 1669 u
1498 1648 1499 1659 κ

133 1717 137 1725 ’
212 1700 250 1759 ut
280 1718 331 1777 ea,
361 1718 443 1779 quae
459 1713 589 1760 „nocere
611 1696 753 1779 possint,
783 1694 878 1759 facile
902 1695 997 1780 vitet,
1020 1695 1272 1780 palpebraeque,
1304 1717 1388 1780 quae
1497 1768 1499 1781 ,

213 1788 290 1848 sunt
309 1788 476 1870 tegmenta
496 1785 672 1868 oculorum,
691 1783 902 1849 mollissimae
921 1789 1019 1869 tactu,
1038 1807 1079 1848 ne
1094 1785 1261 1850 laederent
1274 1777 1389 1868 aciem,
1498 1788 1499 1795 ’

213 1872 382 1956 aptissime
404 1873 511 1937 ¹factae
536 1873 632 1937 etad
656 1873 850 1938 claudendas
873 1875 1032 1958 pupulas,
1054 1896 1095 1939 ne
1119 1873 1197 1958 quid
1219 1872 1390 1956 incideret,
1420 1888 1423 1893 “

30 2030 32 2033 ,
96 1966 98 1971 ’
213 1965 246 2025 et
278 1961 318 2025 ad
350 1962 569 2046 aperiendas,'
590 1962 687 2047 idque
718 1962 862 2046 providit
893 1967 931 2026 ut
961 1962 1139 2027 identidem
1170 1962 1241 2026 fieri
1273 1957 1390 2046 posset

119 2111 123 2118 ,
151 2063 202 2112 143
214 2072 287 2114 cum
311 2051 452 2115 maxima
476 2051 651 2117 celeritate.
696 2050 906 2136 Munitaeque
931 2056 1007 2115 sunt
1025 2052 1199 2136 palpebrae
1218 2055 1390 2136 tamquam
1408 2073 1438 2114 ao

212 2139 298 2206 vallo
330 2140 485 2224 pilorum,
523 2139 641 2224 quibus
670 2144 707 2204 et
738 2140 860 2224 apertis
894 2141 1010 2226 oculis,
1047 2140 1075 2205 si
1108 2140 1186 2226 quid
1218 2140 1390 2224 incideret,

151 948 192 1011 57

154 1040 202 1087 142

213 2229 437 2313 repelleretur,
460 2234 494 2293 et
517 2250 631 2293 somno
653 2229 893 2314 coniventibus,
917 2251 990 2293 cum
1009 2230 1111 2294 oculis
1130 2230 1171 2293 ad
1190 2229 1389 2294 cernendum

212 2338 279 2381 non
298 2338 479 2403 egeremus,
505 2323 681 2403 teperentur,
699 2322 736 2382 ut
757 2318 813 2403 qui
832 2323 1000 2404 tamquam
1018 2319 1159 2383 involuti
1172 2319 1388 2404 quiescerent.

212 2405 333 2471 Latent
348 2412 516 2491 praeterea
530 2408 656 2472 utiliter
670 2412 704 2472 et
718 2408 852 2474 excelsis
866 2408 1009 2493 undique
1022 2409 1171 2493 partibus
1187 2408 1388 2492 saepiuntur.

212 2494 359 2560 Primum
387 2496 474 2562 enim
500 2497 668 2581 superiora
692 2497 873 2581 superciliis
898 2497 1039 2562 obducta
1061 2497 1212 2564 sudorem
1235 2520 1255 2561 a
1279 2497 1387 2581 capite
1407 2517 1436 2559 ss

213 2590 246 2649 et
263 2584 372 2650 fronte
391 2586 585 2650 defluentem
604 2586 780 2670 repellunt,
804 2607 906 2671 genae
925 2587 1039 2651 deinde
1058 2587 1099 2651 ab
1117 2586 1272 2650 inferiore
1290 2590 1387 2670 parte

190 2687 192 2692 ‘
212 2678 363 2738 tutantur
386 2675 550 2740 subiectae
572 2675 753 2760 leniterque
777 2675 969 2760 eminentes;
1000 2698 1163 2760 nasusque
1186 2675 1386 2739 ita‘looatus
1498 2691 1499 2694 ’

150 2767 276 2848 144est,
299 2767 336 2828 ut
359 2764 453 2848 quasi
475 2787 587 2828 murus
612 2764 713 2829 oculis
737 2764 929 2832 interiectus
952 2787 1021 2829 esse
1045 2765 1200 2857 videatur.
1225 2762 1387 2828 'Auditus
1498 2815 1499 2842 ,

212 2856 320 2918 autem
350 2875 477 2937 semper
503 2858 608 2938 patet3
641 2853 710 2917 eius
738 2853 826 2917 enim
849 2876 946 2918 sensu
969 2854 1068 2918 etiam
1092 2853 1289 2917 dormientes
1315 2874 1388 2941 ege·
1498 2859 1499 2940 J

247 3105 272 3152 3.
291 3105 346 3154 toto
360 3115 483 3168 corpore,
503 3117 524 3154 s.
539 3106 572 3158 96
588 3119 610 3153 z.
624 3107 679 3155 toto
688 3101 769 3154 caete.
860 3105 902 3153 23.
912 3104 1065 3169 tepereutur
1074 3098 1147 3152 fehlt
1161 3097 1190 3151 in
1205 3097 1254 3151 der
1263 3097 1386 3152 Hdschr.

247 3175 272 3223 4.
292 3186 432 3238 omnaque
450 3173 577 3225 minimos
582 3212 591 3238 ,
611 3188 632 3226 s.
654 3190 675 3225 z.
690 3171 710 3239 l,
725 3175 769 3225 ct.
824 3170 867 3223 Da
880 3169 930 3223 das
941 3169 1023 3223 Wort
1035 3169 1092 3223 fast
1106 3168 1251 3223 disselben
1266 3167 1386 3236 Schrift-

247 3247 272 3295 8.
297 3242 472 3308 amandavit,
496 3240 560 3295 hier
583 3242 623 3294 im
645 3242 770 3295 tibertra-
824 3239 1387 3310 adgeaufweistwiedasvorhergehende

212 3327 303 3381 geren
318 3310 411 3378 Sinna,
431 3311 586 3382 cigentlich
597 3313 768 3383 =relepooit
823 3328 966 3382 sparreus,
985 3327 1015 3365 so
1033 3311 1140 3366 konnte
1164 3328 1194 3366 es
1217 3329 1274 3367 von
1292 3311 1387 3365 cinam

248 3389 290 3437 10.
309 3385 506 3452 qemeprimum
520 3383 694 3450 ocutos,dem
709 3387 769 3437 ent·
824 3382 1013 3437 Absehreiber
1074 3382 1164 3436 leicht
1226 3382 1387 3436 tibersehen

211 3454 321 3525 spricht
338 3453 368 3507 in
393 3461 408 3519 5
435 3460 498 3508 144:
524 3455 647 3509 Auditus
671 3460 770 3524 autem,
826 3454 945 3508 werden.
988 3453 1045 3508 Das
1067 3453 1149 3523 ,Subi
1175 3470 1210 3507 zu
1232 3459 1388 3524 teperentur

210 3525 344 3579 wahrend
363 3524 416 3579 mit
435 3525 498 3578 dem
518 3523 636 3580 aweiten
645 3527 770 3596 primum
824 3524 862 3579 ist
881 3542 930 3579 aus
945 3525 1009 3579 dem
1023 3524 1274 3593 vorhergehenden
1288 3524 1385 3578 Ablat.

211 3596 258 3650 die
276 3595 375 3650 Worte
398 3598 444 3651 aed
462 3597 582 3652 lubrwos
600 3598 652 3651 etc.
671 3596 768 3651 korre-
825 3598 911 3651 oeulis
929 3614 963 3649 zu
982 3596 1159 3652 entnehmen'.
1192 3595 1283 3649 Wenn
1297 3597 1386 3662 trote-

211 3665 389 3736 spondieren.
446 3686 453 3698 ·
533 3713 535 3716 ,
825 3668 889 3722 dem
913 3668 963 3720 der
988 3667 1082 3721 Ablat.
1114 3666 1172 3721 abs.
1201 3666 1303 3721 vorher
1334 3682 1384 3735 ge-

248 3744 289 3792 11.
296 3738 612 3807 perlucidae-firmes,
623 3737 669 3794 die
679 3738 769 3793 Horn-
824 3739 946 3792 braucht
964 3737 1047 3806 wird‚
1076 3754 1169 3793 somno
1184 3738 1389 3793 'coniventibus

210 3808 289 3876 haut,
308 3825 413 3876 cornea,
433 3807 614 3879 κερατοειδής
632 3807 726 3880 χιτών.
825 3827 863 3865 sc.
887 3811 987 3877 oeulis,
1015 3825 1046 3863 so
1074 3808 1113 3863 ist
1145 3809 1207 3863 eine
1239 3806 1387 3878 derartige

249 3886 290 3934 12.
309 3886 341 3935 ut
359 3881 563 3936 continerentur
581 3898 619 3937 sc.
639 3883 769 3936 membra-
825 3879 1031 3935 Konstruktion
1050 3878 1196 3934 einerseits
1214 3879 1296 3934 nieht
1309 3879 1385 3934 ohne

211 3968 270 4006 nee.
291 3983 324 3991 -
348 3952 483 4007 eomimi
507 3951 543 4015 in,
562 3952 612 4006 der
636 3950 768 4007 intransi-
824 3950 949 4021 Beispiel
966 3953 999 4022 (s.
1018 3957 1033 4017 ξ
1053 3957 1104 4006 134
1122 3969 1145 4007 a.
1164 3952 1302 4007 Dentibus
1320 3966 1410 4017 core,

211 4021 288 4076 tiven
304 4022 472 4093 Bedeutung
485 4018 605 4078 ‘halten'
624 4023 676 4077 wie
691 4021 769 4078 Caes.
823 4024 953 4092 stmetts),
971 4022 1158 4077 andererseits
1171 4021 1242 4076 wird
1256 4019 1388 4076 dissolbe

211 4094 238 4148 b.
254 4111 277 4149 c.
293 4094 313 4160 Ι,
324 4100 371 4149 25:
391 4111 452 4149 cum
469 4111 552 4166 opper
576 4096 673 4150 altiore
695 4111 770 4164 aqua
824 4111 861 4148 an
884 4110 998 4149 unserer
1022 4093 1110 4148 Stelle
1134 4092 1260 4150 offenbar
1282 4108 1384 4147 veran-

211 4167 346 4220 ooate'aeri
363 4182 420 4221 uon
433 4172 531 4236 poscet.
823 4164 887 4219 lallt
905 4165 993 4219 durch
1013 4165 1063 4218 das
1083 4164 1203 4219 Streben
1220 4164 1294 4219 nach
1309 4182 1385 4234 sym·

248 4236 630 4307 15.pupotr,1>eminut.z.
684 4253 725 4306 po
743 4262 771 4281 =
823 4235 989 4290 metrischer
1002 4234 1176 4306 Gliederung
1191 4235 1240 4290 der
1254 4234 1385 4290 Periode.
1498 4251 1499 4332 q

210 4304 791 4448 lllltttlltedlelllrlltallhaul⁴
825 4307 1386 4434 atttttttutttw’⁸·1¹‘⁷⁰²·
