3017 4800
453 211 522 267 LIB.
536 212 571 268 ΙΙ.
586 210 664 268 cAP.
678 217 775 268 8-10.
794 216 810 278 5
828 216 943 269 22-26.
1222 215 1285 281 111

104 375 209 440 alitur
246 379 281 440 et
318 376 450 460 crescit,
486 380 579 442 motu
611 375 752 461 quodam
784 374 891 440 utitur
922 379 1011 440 certo
1044 379 1078 440 et
1109 375 1288 462 aequabili3

106 464 166 550 qui
190 487 290 550 quam
313 465 369 530 diu
391 469 539 531 remanet
561 466 596 530 in
617 465 728 550 nobis,
754 468 824 530 tam
847 465 904 529 diu
926 486 1041 529 sensus
1071 468 1104 529 et
1134 465 1204 530 vita
1236 487 1286 530 re·

105 557 234 639 manet3
256 553 451 641 refrigerato
475 558 584 619 autem
615 558 649 619 et
681 554 844 619 exstincto
877 554 984 618 calore
1014 553 1190 618 occidimus
1220 554 1286 639 ipsi

102 647 138 708 et
162 642 412 729 exstinguimur.
441 641 536 719 Quod
551 643 682 729 quidem
697 641 872 709 Cleanthes
890 642 943 708 his
963 642 1064 708 etiam
1082 643 1285 730 argumentis
1304 653 1341 703 tt

6 742 7 819 ξ
72 731 220 816 edocet,
244 737 367 817 quanta
388 731 438 798 vis
461 732 545 797 insit
567 732 684 798 caloris
716 733 752 797 in
775 732 865 797 omni
888 754 1036 817 corpore:
1067 735 1168 818 negat
1198 731 1286 796 enim

108 843 183 886 esse
206 820 310 885 ullum
334 821 443 886 cibum
466 825 536 886 tam
560 843 707 909 gravem,
731 821 811 907 quin
837 821 866 886 is
896 825 993 887 nocte
1026 825 1060 886 et
1089 820 1141 886 die
1172 842 1286 887 conco·

108 914 245 996 quatur3
269 910 360 975 cuius
384 910 484 975 etiam
506 910 542 975 in
564 911 712 996 reliquiis
734 911 822 975 inest
845 911 934 976 calor
965 910 1020 994 iis,
1053 932 1134 995 quas
1166 913 1286 975 natura

106 999 245 1083 respuit.
286 997 356 1063 Iam
376 1021 453 1064 vero
471 1021 572 1065 venae
591 1004 625 1065 et
643 999 782 1064 arteriae
801 999 921 1064 micare
939 1022 1006 1064 non
1024 998 1177 1064 desinunt
1191 998 1285 1084 quasi

109 1088 253 1173 quodam
279 1087 377 1175 igneo
407 1092 513 1173 motu,
542 1088 867 1174 animadversumque
898 1110 993 1173 saepe
1023 1092 1089 1172 est,
1119 1110 1193 1153 cum
1230 1109 1288 1152 cor

60 1199 88 1240 ιο
109 1177 288 1241 animantis
312 1175 449 1242 alicuius
473 1178 620 1243 evolsum
642 1177 691 1242 ita
712 1177 881 1242 mobiliter
902 1178 1092 1263 palpitaret,
1115 1180 1154 1241 nt
1175 1176 1285 1241 imita·

108 1269 203 1330 retur
225 1266 356 1352 igneam
380 1265 590 1332 celeritatem.
637 1265 742 1332 Omne
765 1267 882 1353 igitur,
906 1267 992 1352 quod
1014 1266 1110 1351 vivit,
1133 1265 1201 1331 sive
1219 1265 1287 1330 ani-

109 1354 178 1419 mal
201 1354 269 1420 sive
292 1359 380 1420 terra
403 1354 540 1439 editum,
562 1355 597 1420 id
618 1355 702 1421 vivit
723 1360 859 1441 propter
881 1355 1045 1421 inclusum
1071 1354 1107 1419 in
1134 1376 1172 1420 eo
1201 1354 1285 1419 calo-

107 1465 188 1508 rem.
234 1443 287 1507 Ex
310 1465 374 1529 quo
397 1443 547 1530 intellegi
570 1444 667 1510 debet
685 1467 756 1510 eam
776 1445 892 1510 caloris
910 1449 1062 1510 naturam
1080 1443 1148 1510 vim
1165 1443 1286 1509 habere

108 1531 144 1596 in
168 1554 204 1597 se
233 1533 368 1597 vitalem
397 1555 456 1618 per
486 1556 616 1599 omnem
645 1534 802 1598 mundum
832 1534 1059 1619 pertinentem.
1112 1533 1223 1618 Atque
1252 1531 1286 1595 id
1304 1542 1339 1593 tt

62 1643 90 1685 ιε
108 1619 241 1686 facilius
265 1643 433 1687 cernemus
456 1625 529 1687 toto
553 1644 671 1710 genere
694 1621 758 1688 hoc
780 1621 892 1709 igneo,
920 1622 1006 1707 quod
1029 1625 1140 1686 tranat
1168 1620 1286 1705 omnia,

109 1709 266 1775 subtilius
291 1711 462 1795 explicato.
495 1710 616 1777 Omnes
635 1712 738 1798 igitur
751 1716 862 1796 partes
878 1711 990 1776 mundi
1008 1708 1158 1798 (tangam
1175 1712 1287 1775 autem

109 1796 286 1885 maximas)
310 1800 417 1865 calore
438 1799 542 1866 fultae
566 1801 779 1866 sustinentur.
826 1798 919 1876 Quod
941 1800 1084 1885 primum
1102 1799 1138 1864 in
1157 1803 1287 1864 terrena

109 1892 229 1952 natura
250 1889 393 1974 perspici
414 1892 534 1974 potest.
579 1888 667 1955 Nam
690 1894 723 1955 et
744 1889 891 1974 lapidum
910 1889 1065 1955 conflictu
1086 1893 1185 1975 atque
1203 1888 1287 1953 tritu

111 1977 186 2041 elici
208 1977 320 2063 ignem
342 1978 489 2044 videmus
513 1983 547 2044 et
568 1979 692 2044 recenti
714 1978 860 2044 fossione
887 1982 1009 2044 terram
1031 1977 1157 2043 fumare
1183 1977 1287 2042 calen-

63 2089 92 2130 ao
110 2069 192 2150 tem,
216 2071 315 2152 atque
338 2067 438 2132 etiam
461 2089 501 2132 ex
522 2068 631 2153 puteis
661 2068 793 2155 iugibus
824 2091 942 2154 aquam
973 2067 1111 2132 calidam
1137 2066 1225 2132 trahi
1253 2069 1286 2131 et

110 2154 144 2220 id
162 2154 304 2220 maxime
326 2155 399 2220 fieri
421 2156 625 2242 temporibus
648 2156 810 2241 hibernis,
841 2157 929 2242 quod
955 2178 1075 2243 magna
1101 2155 1151 2222 vis
1179 2159 1286 2221 terrae

111 2244 258 2310 cavernis
283 2245 491 2310 contineatur
514 2245 631 2311 caloris
655 2268 758 2331 eaque
780 2244 887 2311 hieme
910 2245 955 2311 sit
977 2245 1109 2311 densior
1137 2245 1179 2311 ob
1202 2266 1286 2310 eam·

111 2355 176 2419 que
199 2354 329 2399 causam
353 2334 494 2400 calorem
516 2334 654 2401 insitum
675 2335 711 2400 in
733 2335 831 2402 terris
847 2335 1013 2402 contineat
1031 2335 1144 2400 artius.
1172 2333 1286 2422 Longa
1307 2310 1352 2376 10

111 2427 163 2489 est
186 2423 293 2489 oratio
326 2424 513 2510 multaeque
545 2425 706 2510 rationes,
739 2425 857 2510 quibus
890 2425 998 2490 doceri
1029 2425 1136 2509 possit
1168 2423 1287 2509 omnia,
1304 2402 1342 2451 2⁶

148 2620 173 2669 4.
190 2614 269 2697 Quod
287 2646 321 2657 -
340 2617 500 2686 quautam
513 2617 589 2673 iuuit.
612 2615 671 2672 Das
725 2614 946 2671 aussohlieltlich
982 2615 1028 2670 die
1064 2614 1202 2669 Pulsader
1237 2614 1285 2669 be·

109 2686 286 2754 Relatrvum,
311 2687 362 2742 das
388 2686 450 2743 sich
468 2687 520 2742 aui
535 2688 590 2742 den
608 2705 671 2743 vor·
725 2686 862 2743 zeichnet
889 2687 945 2742 Der
959 2685 1286 2757 allgemeineAusdmck

110 2756 313 2881 hergehenden
353 2758 508 2814 Gedanlren
550 2758 671 2825 bezieht,
725 2757 797 2813 wird
824 2759 914 2814 durch
941 2758 996 2813 den
1024 2756 1178 2829 speciellen
1199 2757 1287 2811 uther

109 2827 164 2881 wir
193 2829 672 2900 durchdenfolgendenindirelrten
725 2829 880 2885 bestimmt.
917 2826 974 2882 Cic.
995 2829 1030 2883 de
1048 2829 1098 2883 fat.
1119 2834 1164 2883 152
1192 2830 1217 2884 si
1240 2828 1287 2883 cui

109 2898 263 2969 Fragesatz
299 2900 373 2954 noch
406 2902 496 2956 nither
529 2901 674 2957 bestimmt
726 2902 862 2958 macerie
881 2907 1031 2968 moremur,
1044 2902 1070 2956 is
1087 2900 1166 2955 tabet
1178 2899 1285 2967 febrim.

110 2970 171 3024 und
199 2971 313 3026 erklttrt.
356 2971 433 3027 Statt
460 2973 509 3028 des
535 2973 674 3027 letzteren
728 2972 777 3029 Or.
790 2971 857 3028 Met
865 2970 984 3041 Vires:
999 2971 1172 3043 trepidaeque
1183 2970 1288 3026 micant

109 3041 271 3111 gebraucht
280 3040 378 3098 Cicero
394 3043 466 3098 auch
477 3044 532 3098 den
540 3044 672 3099 Accusat
726 3060 816 3102 uenae

111 3129 136 3167 c.
155 3111 209 3168 Inf.
228 3114 298 3169 oder
320 3120 353 3170 ut
374 3114 433 3168 und
456 3116 527 3169 statt
549 3115 599 3170 des
617 3116 673 3170 Rc·
764 3122 805 3171 10.
824 3114 989 3182 imitaretur,
1004 3133 1024 3169 s.
1039 3113 1060 3182 1,
1071 3119 1114 3169 92.
1129 3144 1163 3154 -
1178 3114 1286 3185 temam

109 3182 247 3238 lativums
261 3185 334 3239 auch
344 3186 672 3242 dasDemonstrativum.
726 3188 903 3254 celeritatem,
928 3185 975 3240 dic
993 3186 1105 3252 rasche,
1124 3184 1287 3239 flackernde

110 3254 177 3324 vgi
192 3254 340 3324 11‚ea‚ao;
359 3257 407 3324 ΙΙΙ,
418 3263 453 3313 26
471 3258 530 3311 und
549 3258 600 3312 das
617 3258 672 3312 Re·
726 3258 889 3328 Bewegung
907 3258 957 3311 des
975 3258 1086 3314 Fecere.

110 3324 231 3380 laticum
242 3326 595 3398 inVergleichungssitzen
601 3329 622 3397 I,
629 3334 672 3384 38.
764 3334 806 3386 14.
816 3326 1201 3400 pertiueutem=iiiuoocum
1221 3327 1287 3398 VgL

148 3402 174 3451 6.
188 3399 259 3466 quim
272 3399 304 3454 ia.
327 3398 392 3452 Dass
411 3398 504 3454 dieses
523 3400 674 3470 epanalep·
726 3401 803 3472 12³⁰·

109 3466 205 3522 tische
222 3470 248 3523 is
265 3471 299 3540 (s.
314 3469 405 3541 lira)
424 3471 497 3525 auch
516 3471 590 3525 nach
605 3473 675 3541 quin
765 3476 807 3528 19.
825 3478 927 3527 terram
947 3471 1057 3539 fumare
1075 3471 1213 3537 caieutem,
1236 3469 1286 3523 der

109 3541 198 3609 =qui
215 3557 273 3595 mort
297 3541 366 3596 oder
388 3543 461 3612 quod
482 3559 540 3598 nou
557 3542 674 3612 (Illae)
727 3544 865 3612 Ausgang
888 3541 963 3596 eines
986 3541 1180 3610 Hexameters,
1209 3541 1286 3596 wohl

110 3611 270 3735 gebraucht
301 3612 385 3679 wird,
418 3613 504 3683 zeigt,
538 3613 595 3667 dall
623 3613 673 3668 das
727 3611 968 3683 unbeabsichtigt.

131 3682 673 3753 praehgesahlsiehdieserZusammen-
764 3691 807 3740 22.
822 3701 905 3754 eaque
918 3690 1047 3741 aeterra.
1075 3684 1155 3740 Lucr.
1163 3683 1211 3753 VI,
1219 3690 1285 3740 845:

110 3755 231 3823 setzung
258 3753 339 3809 nicht
365 3757 446 3810 mehr
471 3755 535 3809 klar
559 3753 676 3810 bewusst
728 3756 846 3827 Friqore
870 3772 931 3811 cum
945 3757 1081 3828 premitur
1095 3772 1180 3827 porro
1198 3758 1289 3832 cumis

110 3839 179 3879 war.
727 3834 802 3883 terra
833 3829 938 3896 coitque
968 3832 994 3881 et
1024 3829 1104 3896 quusi
1131 3830 1286 3894 concrescit,

147 3901 172 3952 8.
196 3898 316 3966 respuit,
340 3896 387 3952 die
400 3897 674 3967 Hdschr.respuerit,
727 3901 760 3968 fit
791 3899 906 3965 ardica,
937 3904 969 3953 ut
1000 3900 1120 3954 coeundo
1150 3900 1291 3968 exprimat

111 3964 158 4020 ein
177 3966 368 4037 Konjunktiv,
387 3969 510 4024 welches
524 3968 586 4023 sich
599 3969 673 4023 nach
726 3972 760 4025 iu
780 3976 891 4040 puteos,
918 3971 1042 4038 siquem
1064 3971 1134 4041 perit
1155 3972 1218 4040 ipsu
1242 3985 1285 4023 ca-

111 4037 177 4092 dom
209 4027 380 4110 ilbergangc
418 4057 468 4094 aus
500 4040 551 4095 der
583 4039 673 4095 oratio
727 4042 817 4096 iorem.
845 4039 899 4095 Die
914 4039 1079 4094 scheinbare
1092 4039 1286 4110 Temperatur-

111 4108 230 4178 obliqua
254 4109 284 4164 in
308 4110 354 4164 die
378 4110 469 4165 oratio
491 4113 571 4166 recta
588 4110 674 4165 kaum
727 4111 923 4181 rettuderung
955 4111 1004 4165 des
1036 4111 1288 4166 Brunnenwassers

110 4181 317 4251 rechtfertigen
336 4180 406 4237 latit.
726 4182 767 4236 im
785 4181 897 4237 Winter
924 4182 982 4235 und
1008 4182 1134 4237 Sommer
1160 4182 1212 4235 hat
1237 4183 1286 4237 be·

146 4254 264 4321 micare,
305 4253 381 4307 denn
420 4271 490 4309 cena
529 4252 568 4307 ist
594 4251 675 4309 nicht
726 4253 876 4308 kanntlich
889 4253 970 4307 ihren
980 4252 1076 4307 Grund
1090 4253 1121 4306 in
1135 4252 1286 4308 demTem-

109 4322 180 4378 blot
205 4324 354 4392 Blutader,
383 4324 505 4379 sondern
533 4324 580 4378 die
599 4322 675 4379 Ader
727 4324 965 4449 peraturwechsel
979 4325 1030 4378 der
1042 4316 1121 4391 Luft,
1135 4324 1189 4379 wie
1199 4325 1288 4379 schon

109 4392 151 4448 im
178 4395 381 4467 allgemeinen,
410 4396 544 4473 wthrend
572 4397 675 4452 arteria
749 4412 836 4450 eneca
844 4413 871 4449 n.
883 4412 928 4463 qu.
939 4395 1012 4463 1V,2
1027 4394 1133 4465 richtig
1143 4395 1288 4451 erkannte.
