3017 4800
214 228 278 292 114
596 219 645 273 ΒΕ
663 218 818 273 NATURA
836 218 1001 274 DEORUM.

211 386 357 472 piantem
377 408 448 450 esse
471 383 628 449 mundum
642 404 775 447 necesse
798 387 865 467 est,
886 386 1104 467 naturamque
1122 404 1208 466 eam,
1231 404 1314 467 quae
1337 403 1393 446 res

213 498 325 541 omnes
349 475 518 559 complexa
540 476 667 556 teneat,
693 470 894 556 perfectione
922 471 1060 536 rationis
1089 471 1259 555 excellere,
1287 492 1393 555 eoque

212 565 308 629 deum
331 586 402 628 esse
426 562 598 646 mundum,
622 582 816 644 omnemque
838 560 905 625 vim
924 560 1037 624 mundi
1055 565 1174 624 natura
1192 560 1302 625 divina
1317 582 1394 624 oon-

212 652 319 719 tineri.
333 651 443 738 Atque
454 650 554 717 etiam
568 650 681 741 mundi
695 649 751 713 ille
764 649 874 714 fervor
882 649 1004 733 purior,
1014 648 1211 733 perlucidior
1220 648 1390 713 mobilior-

213 764 274 827 que
298 747 342 806 est
363 742 468 805 multo
493 741 535 805 ob
558 761 677 825 easque
706 760 820 803 causas
845 739 953 823 aptior
976 738 1017 802 ad
1045 761 1159 803 sensus
1188 756 1427 803 commovens

212 831 271 895 dos
296 852 395 916 quam
418 829 472 894 hio
494 834 608 894 noster
628 828 725 912 calor,
748 850 813 913 quo
836 826 930 911 haec,
963 850 1045 913 quae
1075 831 1156 892 nota
1183 827 1279 892 nobis
1303 831 1392 911 sunt,

160 932 193 981 ³1
213 919 397 984 retinentur
415 923 449 983 et
466 918 588 1004 vigent.
612 916 800 981 Absurdum
818 916 922 1001 igitur
941 920 991 981 est
1010 916 1129 1000 dicere,
1148 939 1221 981 oum
1239 915 1391 981 homines

213 1008 403 1092 bestiaeque
424 1007 488 1072 hoc
512 1007 618 1071 calore
649 1009 824 1070 teneantur
856 1010 890 1069 et
921 1009 1095 1090 propterea
1127 1008 1320 1070 moveantur
1351 1026 1392 1069 ac

214 1097 371 1180 sentiant,
395 1095 551 1160 mundum
575 1117 646 1159 esse
670 1094 739 1158 sine
766 1116 879 1178 sensu,
910 1094 966 1178 qui
995 1094 1127 1181 integro
1157 1100 1191 1158 et
1219 1094 1324 1159 libero
1357 1097 1392 1158 et

213 1208 295 1271 puro
320 1185 497 1270 eodemque
516 1183 674 1249 acerrimo
694 1187 728 1247 et
745 1182 963 1247 mobilissimo
983 1183 1098 1248 ardore
1116 1187 1276 1268 teneatur,
1298 1205 1393 1268 prae·
1411 1203 1440 1244 ro

214 1274 328 1339 sertim
352 1296 426 1339 cum
448 1274 477 1337 is
505 1272 615 1357 ardor,
648 1272 704 1356 qui
737 1275 788 1336 est
820 1271 946 1356 mundi,
977 1294 1045 1337 non
1074 1272 1219 1356 agitatus
1252 1272 1294 1336 ab
1325 1272 1392 1336 alio

213 1385 318 1448 neque
342 1368 476 1427 externo
499 1362 610 1446 pulsu,
634 1361 690 1425 sed
712 1383 771 1444 per
790 1383 824 1425 se
847 1361 917 1444 ipse
941 1383 979 1425 ac
998 1384 1056 1426 sua
1075 1365 1192 1445 sponte
1211 1365 1392 1426 moveatur,

214 1451 301 1517 Nam
325 1451 403 1536 quid
430 1455 542 1535 potest
574 1472 645 1514 esse
677 1449 798 1513 mundo
830 1449 1006 1534 valentius,
1038 1450 1125 1535 quod
1157 1450 1259 1533 pellat
1291 1453 1393 1535 atque

214 1545 344 1606 moveat
377 1541 517 1605 calorem
550 1562 638 1623 eum,
675 1561 739 1624 quo
772 1538 827 1603 ille
859 1538 1033 1603 teneatur?
1087 1537 1269 1604 Audiamus
1303 1539 1392 1604 enim

213 1629 386 1695 Platonem
410 1628 504 1715 quasi
527 1628 689 1713 quendam
707 1628 804 1692 deum
822 1626 1105 1713 philosophorum3
1129 1628 1181 1693 cui
1200 1628 1263 1692 duo
1282 1629 1393 1711 placet
1412 1648 1439 1688 1⁶

214 1741 285 1785 esse
308 1723 432 1803 motus,
455 1740 556 1782 unum
580 1740 688 1802 suum,
712 1716 851 1781 alterum
876 1720 1058 1801 externum,
1085 1739 1154 1781 esse
1179 1720 1289 1781 autem
1312 1716 1393 1781 divi·

213 1808 302 1891 nius,
325 1807 412 1893 quod
440 1807 549 1891 ipsum
582 1829 621 1871 ex
653 1829 687 1871 se
720 1828 779 1871 sua
811 1810 927 1890 sponte
957 1809 1140 1891 moveatur,
1172 1828 1271 1890 quam
1303 1806 1392 1890 quod

214 1897 312 1980 pulsu
335 1896 480 1982 agitetur
507 1896 623 1960 alieno.
668 1894 766 1959 Hunc
796 1898 907 1959 autem
936 1898 1064 1959 motum
1095 1895 1131 1958 in
1161 1895 1239 1960 solis
1270 1895 1391 1960 animis

215 2007 286 2049 esse
308 1985 416 2068 ponit,
439 1985 480 2048 ab
503 1984 619 2069 hisque
649 1983 847 2067 principium
876 1987 986 2048 motus
1017 2006 1088 2048 esse
1119 1984 1253 2048 ductum
1284 1988 1393 2068 putat.

217 2072 436 2158 Quapropter,
459 2073 613 2157 quoniam
641 2095 681 2137 ex
703 2072 816 2136 mundi
848 2072 962 2137 ardore
994 2077 1103 2137 motus
1137 2073 1242 2138 omnis
1276 2073 1392 2158 oritur,
1411 2095 1440 2135 ro

214 2163 243 2227 is
267 2166 377 2227 autem
400 2161 497 2226 ardor
518 2184 586 2225 non
608 2161 714 2225 alieno
738 2160 896 2245 impulsu,
924 2161 980 2226 sed
1004 2184 1063 2226 sua
1086 2167 1204 2245 sponte
1231 2167 1393 2247 movetur,

216 2251 343 2316 animus
368 2250 412 2315 sit
433 2272 565 2315 necesse
589 2254 652 2335 cst3
676 2272 715 2314 ex
738 2272 802 2334 quo
827 2249 968 2315 efficitur
991 2251 1191 2315 animantem
1211 2273 1282 2316 esse
1301 2274 1394 2316 mun·

216 2340 301 2405 dum.
347 2338 456 2425 Atque
480 2362 519 2405 cx
541 2338 604 2405 hoc
628 2361 757 2425 quoque
780 2339 930 2427 intellegi
953 2340 1077 2424 poterit
1099 2339 1134 2405 in
1153 2363 1190 2406 eo
1214 2340 1321 2407 inesse
1345 2341 1392 2406 in-

215 2429 456 2516 tellegentiam,
480 2429 567 2514 quod
591 2433 678 2494 certe
702 2433 752 2494 est
771 2429 910 2494 mundus
930 2430 1046 2494 melior
1065 2453 1163 2515 quam
1177 2430 1244 2495 ulla
1262 2434 1392 2496 natura.
1415 2430 1417 2433 ⁴

154 1508 195 1572 12

161 1599 195 1648 aa

252 2628 277 2677 3.
301 2639 405 2677 omnem
432 2623 486 2677 uim
511 2623 610 2676 muudi
627 2647 655 2667 =
673 2638 778 2676 omuem
832 2620 1394 2693 Tusa1V‚1s=uuususapaseau

215 2694 357 2748 muudum.
372 2723 405 2733 -
419 2700 538 2759 natura,
555 2693 605 2746 der
618 2692 705 2747 blolle
720 2693 776 2747 Ab·
830 2699 925 2762 cpoute
942 2694 1099 2748 laudabilis.

216 2766 351 2819 latstatt
369 2782 399 2832 a,
419 2763 472 2817 wie
491 2770 550 2829 §42
572 2781 639 2833 quo,
659 2769 706 2818 85:
725 2782 776 2818 uu·
869 2770 909 2818 14.
943 2765 1098 2819 Audiamus
1129 2766 1201 2819 euim
1231 2765 1396 2835 begn‘indet

215 2842 280 2890 lura
299 2837 432 2890 muudum
450 2836 649 2889 administrari.
831 2834 887 2887 den
904 2834 1061 2890 vorletzten
1080 2836 1153 2890 Sata.

252 2914 268 2961 ὀ
296 2909 334 2961 od
352 2922 447 2961 seusus
465 2908 672 2961 commovendos.
709 2906 777 2959 Man
868 2911 908 2961 15.
928 2907 1007 2960 deum
1027 2907 1262 2976 philosophorum,
1282 2907 1393 2962 sowohl

217 2980 349 3031 erwartet
366 2980 403 3032 ad
420 2979 606 3044 sentiendum,
625 2978 700 3031 donn
719 2976 777 3030 dall
830 2975 870 3029 im
894 2976 979 3030 Sinna
1006 2975 1130 3045 Ciceros,
1164 2977 1206 3031 als
1235 2978 1307 3031 auch
1341 2979 1394 3032 der

167 3099 170 3104 .
217 3065 247 3102 es
265 3049 327 3101 sich
346 3048 405 3102 hier
425 3048 505 3101 nicht
523 3047 631 3100 sowohl
654 3065 702 3100 um
729 3047 776 3101 die
827 3047 967 3117 jungerer
993 3046 1116 3113 Stoiher‚
1147 3047 1200 3102 wie
1231 3048 1392 3117 Panaetius,

217 3120 362 3188 llrregung
373 3119 423 3172 der
433 3118 525 3185 Sinna,
539 3118 581 3171 als
590 3135 637 3171 um
648 3118 699 3171 das
707 3118 776 3172 Ver·
829 3117 1005 3186 Posidonius,
1018 3118 1063 3171 die
1074 3118 1136 3172 eine
1146 3121 1394 3189 ausgesproohene

216 3188 778 3328 seruaturusaurs
830 3188 1121 3315 diffluatur
1136 3190 1394 3317 airausa-

217 3331 285 3385 stoff
297 3332 347 3385 der
355 3330 442 3398 Welt,
459 3332 508 3384 der
522 3330 663 3384 identisch
677 3330 716 3384 ist
724 3330 778 3384 mit
830 3331 888 3384 und
903 3304 1001 3401 wegeri
1016 3332 1064 3384 des
1079 3332 1324 3403 metaphorischen
1337 3332 1391 3388 Ge·

217 3401 432 3467 derWeltseele,
445 3401 483 3455 ist
491 3417 587 3470 wegen
597 3399 773 3455 diesechin·
830 3401 968 3456 brauches
988 3403 1037 3456 des
1052 3402 1164 3457 Wortes
1177 3405 1244 3459 deus
1259 3403 1353 3470 Quint.
1370 3405 1392 3473 I,

217 3475 278 3527 heit
289 3472 776 3541 undReinheitgeeigncterzudem
833 3479 873 3541 10,
884 3488 909 3527 s:
933 3475 982 3542 qui
1005 3476 1041 3529 sit
1058 3476 1172 3542 futurus
1190 3483 1395 3531 contumulatus

217 3549 355 3599 zar-testea
364 3544 531 3613 Empfinden
545 3543 587 3595 als
602 3542 647 3596 die
657 3561 708 3597 uns
718 3545 776 3597 und
829 3545 951 3613 audique
965 3552 1003 3613 et,
1018 3552 1050 3600 ut
1063 3547 1173 3613 dicuat,
1192 3548 1317 3602 mortalia
1330 3549 1393 3617 qui-

217 3632 316 3669 unsere
343 3616 459 3669 ntchste
487 3614 652 3683 Unigebung
677 3616 776 3669 durch·
831 3616 896 3669 douc
914 3617 987 3670 deus.

217 3686 495 3751 dringendethrme
508 3687 565 3752 (hic
578 3693 668 3740 uester
681 3688 776 3755 calor).
868 3688 914 3740 cuc¹
930 3718 961 3726 -
973 3688 1076 3755 placet,
1099 3686 1217 3742 Phaedr.
1232 3705 1259 3757 p.
1281 3694 1334 3743 245
1353 3686 1393 3757 C,

254 3764 277 3811 7.
294 3761 448 3810 retineatur
460 3783 486 3801 =
502 3764 705 3825 conservantur,
724 3758 777 3811 wie
831 3755 893 3810 eine
905 3756 1001 3825 Stelle,
1010 3758 1115 3811 welche
1126 3758 1223 3813 Cicero
1235 3758 1315 3814 Tusc.
1328 3760 1347 3826 Ι,
1357 3766 1393 3815 53

217 3828 251 3892 ΙΙ,
269 3834 332 3891 1213
357 3846 384 3897 p.
405 3828 475 3882 Mur.
494 3835 543 3882 30:
572 3830 607 3882 ub
631 3829 681 3882 hoc
705 3830 777 3882 euim
830 3828 888 3881 und
908 3828 943 3881 de
962 3846 983 3882 r.
998 3847 1025 3898 p.
1035 3829 1081 3896 Vl,
1091 3834 1125 3884 28
1144 3830 1294 3885 tibersetzt.

213 3900 295 3969 pacis
313 3906 474 3953 ornamenta
491 3901 652 3953 retineatur.
868 3906 909 3954 17.
928 3900 1018 3968 ipsum
1037 3917 1070 3954 cu
1092 3917 1119 3955 sc
1137 3927 1164 3945 =
1181 3903 1273 3969 iprum
1286 3918 1339 3970 per
1355 3918 1395 3969 ac,

253 3976 277 4024 8.
296 3971 465 4036 leccatore,
484 3969 591 4023 welche
605 3971 672 4023 aber
687 3969 776 4039 quali·
830 3969 883 4024 wie
903 3971 949 4036 ΙΙΙ,
966 3977 1007 4038 36,
1029 3971 1063 4024 de
1082 3972 1129 4026 fin.
1150 3972 1183 4039 Il,
1199 3977 1245 4027 83:
1265 3974 1395 4028 amicitia

217 4042 288 4094 tativ
303 4041 485 4095 verschieden
500 4041 600 4095 istvon
612 4041 775 4110 derjenigen
829 4057 862 4096 eu
880 4058 908 4095 ae
926 4049 950 4096 ct
964 4049 1078 4111 propter
1095 4061 1122 4097 se
1140 4044 1295 4112 eupeteudo.

217 4112 775 4182 Warme,welchedieWeltdurchstromt.
867 4118 907 4167 19.
923 4115 1004 4181 pouit
1017 4139 1044 4157 =
1057 4116 1161 4169 statuit.

251 4191 397 4238 teneantur
410 4181 551 4237 ‘erlralten
568 4180 702 4251 werden,
723 4183 775 4237 wie
865 4188 906 4237 20,
920 4185 1089 4254 Quapropter·
1099 4188 1152 4239 etc.
1175 4184 1227 4238 Die
1236 4184 1394 4255 folgenden

216 4254 250 4323 Il,
262 4260 308 4319 833
331 4262 388 4309 134.
830 4255 1046 4324 Auellihrungen
1065 4256 1127 4309 sind
1146 4255 1227 4309 nicht
1244 4256 1283 4310 im
1303 4256 1392 4311 Sinna

254 4332 294 4379 12.
310 4343 362 4394 per
379 4341 405 4379 ce
418 4327 476 4393 ipse
489 4342 522 4379 cc
536 4341 587 4380 cua
596 4332 699 4393 sponte,
713 4324 775 4379 eine
829 4323 933 4393 Platos,
950 4326 1012 4379 dem
1028 4326 1077 4381 der
1091 4326 1171 4381 Geist
1185 4328 1271 4381 etwas
1287 4328 1394 4382 durch-

217 4395 385 4465 Steigerung
421 4397 470 4450 des
508 4396 684 4450 Ausdruokes
721 4396 775 4451 wie
829 4412 879 4449 aus
897 4394 1107 4451 immaterielles
1127 4398 1172 4454 ist.
