3017 4800
464 207 535 263 ΜΒ.
548 208 583 264 Π.
598 206 677 265 cAP.
693 214 808 266 33-35.
828 215 843 276 ὅ
858 215 972 266 86-89.
1247 216 1311 283 145

127 370 287 436 solarium
314 372 367 436 vel
394 371 588 455 discriptum
610 372 661 436 vel
686 394 725 437 ex
748 395 834 457 aqua
856 373 1091 459 contemplere,
1118 373 1310 461 intellegere

126 459 288 524 declarari
316 459 416 525 horas
447 464 532 545 arte,
560 483 629 525 non
659 483 750 546 casu,
780 461 937 526 mundum
960 466 1084 547 autem,
1114 462 1171 547 qui
1194 468 1227 528 et
1249 463 1309 530 has

127 549 217 632 ipsas
242 552 330 613 artes
354 553 388 613 et
411 571 523 613 earum
547 549 689 615 artifices
714 555 748 614 et
771 554 890 615 cuncta
908 552 1157 636 complectatur,
1180 552 1310 618 consilii

128 642 162 702 et
191 638 331 703 rationis
362 660 432 702 esse
463 642 629 722 expertem
658 638 798 723 putare?
845 637 968 714 Quodsi
996 638 1032 704 in
1054 638 1224 725 Scythiam
1251 645 1308 707 aut
1326 652 1362 703 88

93 725 162 790 sin
195 725 403 791 Britanniam
437 728 611 811 sphaeram
643 727 762 812 aliquis
795 728 910 792 tulerit
939 727 1038 813 hanc,
1075 751 1173 813 quam
1204 751 1309 814 nuper

125 814 301 880 familiaris
310 820 423 880 noster
442 816 550 881 effecit
567 815 778 900 Posidonius,
798 816 890 882 cuius
911 816 1059 904 singulae
1078 818 1307 883 conversiones

125 903 214 968 idem
238 904 385 969 efficiunt
407 905 443 969 in
466 905 534 969 sole
557 910 591 969 et
613 905 649 969 in
671 904 749 969 luna
772 909 806 970 et
828 905 864 970 in
882 905 1025 990 quinque
1044 906 1149 971 stellis
1169 906 1307 971 erranti·

125 993 202 1077 bus,
231 993 318 1078 quod
345 993 487 1058 efficitur
509 993 657 1058 incaelo
681 992 821 1080 singulis
845 993 958 1060 diebus
983 998 1017 1059 et
1037 994 1206 1079 noctibus,
1233 995 1307 1080 quis

125 1082 161 1146 in
184 1082 244 1146 illa
265 1082 419 1146 barbaria
441 1081 583 1167 dubitet,
606 1082 687 1167 quin
709 1104 748 1147 ea
770 1081 909 1168 sphaera
931 1084 977 1147 sit
994 1083 1139 1168 perfecta
1156 1083 1307 1148 ratione?

80 1194 107 1233 ro
124 1169 172 1235 Hi
202 1174 313 1235 autem
343 1171 496 1235 dubitant
525 1171 564 1236 de
594 1171 730 1256 mundo,
761 1194 800 1236 ex
830 1193 895 1257 quo
923 1175 957 1236 et
984 1171 1136 1236 oriuntur
1162 1176 1196 1236 et
1222 1172 1307 1237 fiunt
1325 1171 1370 1238 35

126 1259 251 1344 omnia,
280 1282 399 1324 casune
426 1261 497 1345 ipse
526 1260 570 1325 sit
598 1260 731 1325 effectus
760 1264 818 1324 aut
840 1260 1036 1325 necessitate
1059 1261 1170 1345 aliqua
1193 1282 1236 1325 an
1257 1283 1307 1325 ra·

124 1348 217 1413 tione
236 1370 275 1413 ac
293 1353 402 1413 mente
421 1349 545 1434 divina,
564 1353 597 1414 et
610 1348 842 1413 Archimedem
859 1350 1063 1414 arbitrantur
1075 1350 1149 1434 plus
1164 1348 1306 1413 valuisse

124 1437 160 1501 in
190 1437 359 1502 imitandis
390 1437 547 1522 sphaerae
576 1438 843 1502 conversionibus
872 1460 970 1522 quam
996 1442 1149 1502 naturam
1176 1437 1212 1501 in
1239 1436 1307 1501 effi·

126 1526 265 1612 ciendis,
300 1527 494 1611 praesertim
532 1549 606 1592 cum
641 1527 757 1591 multis
789 1526 939 1610 partibus
973 1526 1040 1590 sint
1071 1525 1130 1591 illa
1159 1524 1306 1609 perfecta

79 1637 106 1679 rs
126 1637 227 1699 quam
243 1614 325 1681 haec
344 1616 498 1681 simulata
516 1616 692 1682 sollertius.
729 1614 834 1700 Atqui
852 1614 908 1678 ille
926 1614 1012 1698 apud
1025 1612 1164 1678 Accium
1181 1617 1305 1698 pastor,
1323 1624 1362 1674 89

125 1704 183 1788 qui
200 1726 319 1769 navem
336 1727 516 1789 numquam
530 1709 606 1769 ante
620 1703 766 1789 vidisset,
784 1707 822 1768 ut
840 1703 954 1788 procul
974 1702 1120 1766 divinum
1135 1705 1169 1766 et
1182 1723 1304 1766 novum

124 1793 311 1858 vehiculum
333 1792 601 1880 Argonautarum
624 1816 641 1857 e
665 1797 777 1858 monte
801 1791 984 1876 conspexit,
1008 1791 1115 1875 primo
1138 1790 1303 1856 admirans

125 1885 159 1946 et
180 1883 375 1966 perterritus
399 1882 462 1947 hoc
484 1883 582 1948 modo
605 1882 765 1967 loquitur:

606 2005 730 2070 Tdnta
753 2004 874 2068 moles
893 2002 1045 2068 labitur

77 2118 106 2157 ro
214 2093 477 2160 Fremibdnda
499 2117 544 2159 ex
567 2095 647 2159 alto
670 2092 826 2178 ingenti
849 2092 983 2157 sonitu
1005 2096 1044 2157 et
1067 2089 1221 2177 spiritu.

214 2182 312 2249 Prae
336 2206 374 2249 se
397 2183 518 2248 aindas
541 2183 680 2265 volvit,
702 2180 871 2246 vertices
895 2181 932 2246 vi
955 2182 1139 2267 sdscitat,

214 2272 309 2337 Ruit
332 2273 530 2357 prolapsa,
553 2271 714 2355 pelagus
737 2268 949 2356 respergit,
971 2270 1101 2335 reflat.

214 2361 275 2428 Ita
299 2362 385 2427 dum
408 2359 673 2443 interruptum
696 2357 830 2425 cre'das
853 2359 1026 2425 nimbum
1048 2359 1213 2447 vdlvier,

161 2615 185 2662 1.
217 2609 363 2674 solariam,
400 2603 600 2674 ursprdnglich
638 2604 684 2658 die
739 2602 891 2659 Catilinam
923 2621 956 2659 aa
993 2606 1060 2659 urbe
1098 2606 1139 2660 ael
1175 2605 1302 2661 sisaim

123 2679 303 2746 Sonnenuhr,
335 2679 511 2746 discriptam,
544 2674 610 2729 weil
637 2674 684 2729 die
737 2676 779 2729 aei
802 2677 892 2745 ipsam
920 2676 1097 2746 acrediemtem
1126 2677 1214 2732 verbis
1234 2693 1301 2746 pro·

121 2750 240 2818 Fl'tche,
269 2748 320 2802 auf
348 2747 472 2801 welcher
503 2747 553 2800 der
584 2744 684 2814 Zeiger
736 2749 944 2801 sacratisimae.
976 2746 1061 2816 Verg.
1076 2745 1179 2814 Georg.
1194 2747 1214 2813 Ι,
1233 2753 1300 2802 127:

121 2819 264 2891 (γνώμων)
291 2818 386 2887 stand,
415 2818 505 2871 durch
526 2816 627 2870 Linien
653 2815 684 2870 in
737 2818 800 2885 ipsc
818 2818 897 2872 tellas
914 2818 1008 2872 ommia
1025 2819 1137 2886 ferebat.
1157 2817 1246 2871 Dafiir
1264 2818 1299 2886 II,

121 2890 291 2946 Abschnitte
309 2889 412 2959 geteilt
431 2905 495 2943 wer.
532 2888 613 2941 Dann
632 2887 681 2942 be·
737 2893 803 2942 129:
822 2890 951 2957 ipseper
968 2904 1030 2943 sese.

121 2960 251 3015 zeichnet
269 2960 320 3014 das
339 2960 422 3014 Wort
440 2959 479 3013 im
493 2958 682 3029 allgemeinen
774 2965 816 3016 14.
830 2960 992 3029 praesertim
1010 2975 1081 3026 cam,
1101 2976 1123 3015 s.
1137 2977 1161 3015 a.
1175 2959 1195 3027 Ι,
1206 2964 1250 3016 26.

120 3031 296 3098 Zeitmesser,
316 3029 404 3085 daher
416 3032 548 3085 solariam
566 3047 599 3084 es
612 3047 686 3098 aqua
777 3036 819 3085 15.
837 3026 1214 3100 simulata‘uachgebildet'.
1233 3029 1299 3089 Hor.

120 3129 149 3148 =
172 3103 322 3172 clepsydra.
369 3101 408 3154 Zu
439 3102 587 3155 letzterem
614 3099 684 3154 Aus-
739 3117 785 3155 ars
816 3103 892 3171 poet.
923 3108 968 3156 19:
1000 3103 1117 3170 fortasse
1144 3118 1301 3172 cupressum

122 3173 229 3228 drucke
255 3173 311 3241 vgl.
334 3171 412 3227 Caes.
436 3173 464 3228 b.
488 3171 520 3228 G.
544 3172 578 3240 V,
599 3176 641 3240 13,
658 3187 684 3226 4:
738 3174 794 3227 scis
810 3173 947 3227 simulare.

120 3246 203 3300 certis
227 3260 261 3298 ea
282 3261 356 3313 aqaa
385 3245 527 3299 macaris.
565 3242 592 3297 S.
611 3243 632 3310 l,
650 3249 684 3298 30
775 3243 889 3312 Accius,
908 3262 937 3313 p.
956 3242 1051 3299 Plane.
1079 3249 1126 3298 ὅθι
1154 3244 1248 3314 prauis
1275 3249 1301 3298 at

121 3334 145 3368 a.
159 3317 219 3370 sime
238 3331 355 3384 corpora.
738 3315 905 3386 impertaesus
927 3319 1022 3383 poeta,
1049 3316 1112 3383 geb.
1141 3321 1200 3382 170,
1227 3317 1298 3383 gest.

158 3393 183 3441 3.
216 3393 301 3453 artes,
325 3386 448 3441 konkret
468 3380 682 3453 ‘Kunetwerke',
738 3403 786 3438 um
805 3392 839 3441 90
865 3404 891 3440 v.
910 3385 974 3440 Chr.
1010 3385 1048 3438 Er
1066 3383 1196 3440 versallte
1223 3385 1298 3437 zahl-

120 3457 176 3511 wie
203 3456 269 3511 Hor.
289 3473 333 3526 ep.
348 3458 367 3526 l,
383 3462 407 3524 6,
424 3472 461 3510 rr:
489 3462 633 3526 arpemtam
659 3463 684 3511 et
737 3456 835 3511 reiche
849 3455 1011 3526 Tragtdien
1019 3456 1093 3509 nach
1102 3453 1299 3524 griechischen

119 3545 243 3583 marmor
282 3534 358 3583 oetas
398 3544 515 3596 amaqae
551 3533 578 3582 et
612 3534 685 3582 artes
737 3527 873 3581 Mustern.
897 3527 950 3581 Die
960 3526 1112 3596 folgenden
1119 3523 1299 3594 jambischen

118 3601 235 3669 aspice.
738 3596 841 3651 Senare
878 3596 942 3650 sind
974 3614 1024 3650 aus
1066 3595 1157 3650 seiner
1197 3596 1299 3651 Medea

158 3678 183 3725 t.
192 3671 345 3739 sphaeram,
356 3668 402 3724 ein
416 3668 616 3738 Plenetarium,
626 3684 684 3723 ron
737 3668 857 3739 (Nonius
875 3685 903 3737 p.
918 3668 973 3738 90).

120 3740 291 3795 Posidonius
316 3741 491 3795 konstruiert
517 3741 591 3793 nach
618 3739 683 3793 dem
774 3745 816 3792 16.
835 3740 975 3806 dirimam,
998 3737 1061 3792 weil
1079 3737 1134 3793 mit
1150 3737 1228 3793 Hilfe
1248 3739 1298 3794 der

119 3813 274 3882 Vorgange
297 3811 347 3865 des
370 3810 562 3865 Archimedes.
599 3809 681 3865 Tusc.
736 3810 832 3864 Pallas
851 3811 952 3864 erbaut
970 3809 1027 3863 und
1045 3810 1120 3863 nach
1144 3811 1299 3866 heendeter

120 3884 201 3952 1‚cs:
219 3884 394 3938 Archimedes
412 3900 474 3937 cam
494 3883 591 3948 tanae,
608 3882 682 3950 solis,
735 3881 825 3935 Fahrt
842 3883 924 3934 unter
942 3880 989 3936 die
1008 3880 1107 3935 Steme
1127 3884 1257 3936 versetzt.

120 3957 244 4024 acimaas
262 3956 416 4009 erraatimm
435 3960 524 4008 motas
544 3954 577 4007 im
587 3954 681 4021 sphae-
772 3958 814 4007 20.
834 3953 941 4022 impacti
958 3955 1051 4007 samita
1065 3959 1090 4007 et
1102 3953 1212 4022 spirita.
1232 3951 1297 4019 Vgl.

120 4043 183 4081 ram
197 4026 340 4097 imlipaoit,
354 4027 453 4094 effecit,
471 4031 503 4079 mt
515 4025 646 4079 tarditate
659 4029 685 4078 et
738 4022 845 4077 Ennius
873 4024 946 4091 trag.
969 4024 1019 4078 rel.
1040 4029 1056 4076 6
1077 4023 1201 4077 Vahlen:
1224 4023 1298 4076 tmde

120 4099 257 4153 eeleritate
280 4098 479 4152 dissimillimos
510 4103 599 4151 motus
624 4113 684 4150 msa
737 4096 828 4150 oritur
841 4095 926 4149 imber
943 4096 1036 4149 samita
1053 4110 1131 4148 saeco
1149 4093 1296 4163 etspirita.

119 4176 222 4240 reperet
240 4170 385 4223 concamio.
774 4172 817 4220 22.
832 4167 962 4236 pelapas,
985 4164 1144 4219 Accusativ.

157 4247 182 4295 9.
202 4240 345 4307 barbaria,
365 4257 385 4294 s.
400 4239 422 4294 Ι.
437 4245 481 4294 81.
774 4243 816 4292 23.
837 4237 904 4291 dam
922 4237 1041 4291 -dam
1065 4235 1104 4288 im
1128 4232 1213 4289 Sinna
1240 4250 1298 4289 von

158 4318 201 4366 10.
220 4312 273 4379 Hi,
293 4309 338 4364 die
357 4309 523 4380 Epikureer.
735 4314 796 4363 tam
811 4338 844 4348 —
859 4314 917 4363 tam
935 4307 1024 4361 findet
1037 4305 1099 4360 sich
1113 4307 1192 4359 sonst
1208 4304 1297 4361 nicht.

158 4387 200 4437 11.
225 4384 283 4451 ipse
305 4380 374 4436 ‘von
402 4376 511 4454 selbst’.
531 4378 591 4435 cat.
608 4379 642 4448 ll,
656 4386 683 4432 1:
773 4380 898 4434 mimbam
911 4372 1131 4447 ‘Regenwolke'.

174 4489 281 4541 cicero,
292 4498 326 4531 ne
337 4497 438 4532 urruns
449 4496 561 4532 aeonum
1049 4470 1083 4519 10
