3017 4800
531 253 600 311 ΜΒ.
614 254 649 309 11.
664 253 741 311 οΔΡ.
757 261 782 311 a.
801 260 816 322 s
832 261 909 312 a-s.
1244 261 1306 327 101

130 416 218 482 disse
249 417 335 502 apud
357 416 595 482 Trasumenum
618 418 733 483 scribit
757 441 831 484 cum
853 440 973 506 magno
995 419 1215 504 reipublicae
1236 421 1307 486 vul·

129 528 217 571 nere.
269 504 416 582 Quorum
453 506 553 572 exitio
589 507 738 594 intellegi
773 512 885 593 potest
916 530 1029 574 eorum
1060 508 1206 594 imperiis
1238 532 1308 575 rem

130 595 299 680 publicam
335 595 582 682 amplificatam,
619 597 676 681 qui
710 596 925 683 religionibus
958 597 1105 681 paruisse
1129 602 1152 663 t.
1201 598 1247 664 Et
1279 599 1308 665 si

132 684 281 750 conferre
304 684 453 751 volumus
476 689 591 750 nostra
614 708 688 750 cum
706 686 863 770 externis,
887 685 1003 751 ceteris
1022 686 1118 752 rebus
1138 691 1195 752 aut
1212 710 1307 773 pares

97 792 112 834 s
131 777 191 839 aut
209 774 309 839 etiam
327 771 499 839 inferiores
517 773 727 860 reperiemur,
748 775 917 861 religione,
935 775 968 839 id
987 779 1038 840 est
1056 775 1147 840 cultu
1165 776 1308 862 deorum,

130 863 237 927 multo
266 863 458 947 superiores,
502 861 558 927 An
579 863 655 928 Atti
679 863 777 929 Nasii
803 864 905 929 lituus
928 864 998 949 ille,
1026 886 1089 950 quo
1113 865 1154 930 sd
1175 864 1345 930 investi-9

200 952 277 1015 dum
300 973 391 1017 suern
414 951 565 1038 regiones
587 952 700 1017 vineae
723 953 927 1038 terminarit,
957 954 1211 1019 contemnendus
1235 955 1307 1019 est?

177 1040 319 1125 ederem,
345 1040 411 1105 nisi
438 1040 508 1106 eius
538 1042 676 1128 augurio
698 1065 756 1107 rex
778 1041 942 1108 Hostilius
965 1043 1108 1108 maxima
1130 1043 1216 1108 bella
1239 1064 1310 1130 ges-

131 1129 240 1194 sisset.
287 1127 350 1194 Sed
378 1129 589 1217 neglegentia
616 1131 801 1197 nobilitatis
831 1130 961 1218 augurii
988 1131 1160 1216 disciplina
1187 1132 1310 1197 omissa

83 1238 112 1277 ιο
130 1217 254 1283 veritas
283 1218 503 1303 auspiciorum
531 1223 643 1304 spreta
670 1223 734 1305 est,
762 1221 886 1305 species
909 1224 1040 1285 tantum
1062 1226 1198 1287 retente.
1244 1221 1310 1286 Ita·

132 1330 196 1392 que
228 1306 389 1372 maximae
421 1308 469 1372 rei
500 1308 650 1393 publicae
681 1312 805 1394 partes,
836 1308 872 1374 in
903 1307 955 1374 his
982 1310 1082 1396 bella,
1115 1311 1233 1395 quibus
1261 1310 1309 1375 rei

130 1395 283 1481 publicae
301 1397 389 1462 salus
409 1397 609 1483 continetur,
625 1397 726 1464 nullis
745 1397 900 1483 auspiciis
914 1398 1199 1485 administrantur,
1215 1400 1310 1464 nulla

130 1485 300 1570 peremnia
336 1489 521 1572 servantur,
556 1487 648 1552 nulla
680 1510 718 1552 ex
751 1486 971 1573 acuminibus,
1005 1488 1110 1573 nulla,
1146 1510 1215 1554 cum
1245 1488 1310 1553 viri

169 1667 195 1716 4.
210 1661 421 1728 si-colamas,
441 1660 491 1714 das
501 1659 628 1731 Priscus,
644 1661 693 1716 ob·
748 1659 810 1716 diss
836 1661 888 1716 auf
909 1661 987 1717 einer
1012 1660 1102 1717 leicht
1120 1660 1309 1717 erklarlichen

132 1731 230 1801 gleich
247 1731 287 1785 im
305 1731 479 1802 Haupteatze
498 1732 545 1786 sin
558 1732 694 1787 Futurum
750 1732 968 1788 Verwechselun
991 1775 996 1787 .

132 1802 220 1858 steht.
256 1801 356 1857 Dieees
384 1802 423 1857 ist
448 1802 558 1856 fiherall
586 1804 624 1857 da
640 1820 694 1861 am
784 1804 885 1873 lituae,
904 1750 1160 1872 derisummstab,
1174 1802 1308 1859 mitwel·

132 1872 243 1941 Platae,
262 1889 306 1928 wo
326 1874 377 1927 das
396 1873 485 1928 durch
504 1874 554 1928 das
569 1873 694 1929 Verbum
749 1875 831 1928 chem
849 1874 898 1928 der
915 1875 1025 1946 Augur,
1045 1892 1093 1929 um
1111 1876 1162 1929 das
1180 1877 1309 1946 templum

133 1945 185 1999 des
221 1945 460 2027 hypothetieohen
497 1944 593 2027 Setaea
623 1946 693 2000 Aue·
748 1946 942 2028 abzugpeuzen
968 1950 1002 2018 (s.
1020 1964 1043 2003 z.
1062 1946 1097 2015 Il,
1113 1949 1169 2016 11),
1203 1945 1309 2001 eowohl

132 2016 437 2153 etimithi?
451 2015 695 2142 staffili
747 2017 1081 2156 iliatmtllhtillti
1100 2017 1308 2156 tectus

133 2158 187 2213 der
211 2156 381 2228 Gegenwart
403 2158 491 2213 echon
512 2159 694 2228 geschehend
748 2159 838 2214 durch
869 2158 939 2214 awai
965 2160 1035 2215 tiber
1061 2159 1167 2215 eeinem
1195 2160 1308 2231 Haupte

131 2228 301 2284 bezeichnet
325 2230 438 2285 werden
456 2228 519 2284 soll,
556 2230 651 2285 Durch
669 2233 695 2285 si
748 2230 810 2285 sich
842 2230 1031 2286 schneidende
1056 2230 1157 2287 Liuien
1187 2230 1218 2284 in
1246 2230 1308 2286 rier

133 2329 171 2341 -
197 2302 321 2362 volamus
355 2299 427 2355 wird
458 2303 693 2371 ausgeeprocheu‚
748 2301 867 2357 Bezirlre
882 2301 1309 2376 sinzuteilenpflegcepeqtoaes

133 2369 193 2427 dell
225 2372 275 2427 der
299 2371 386 2426 Wille
417 2371 505 2427 echon
532 2374 695 2429 sorhanden
748 2374 907 2436 terminare,
928 2375 1093 2445 assitere).

131 2444 181 2499 ist.
218 2444 266 2513 Ill,
283 2450 327 2499 23:
355 2446 382 2499 si
402 2446 494 2515 placet
520 2474 554 2484 —
580 2445 695 2514 esseae
785 2451 810 2501 9.
838 2447 1006 2518 aeplepeatia
1047 2447 1217 2514 nobilitatis,
1258 2462 1308 2500 aus

132 2516 184 2582 111,
198 2521 246 2570 4⁷:
274 2517 300 2570 si
323 2516 452 2571 saumas
477 2546 511 2555 -
537 2517 696 2585 reiciemas,·
748 2516 1308 2586 welcherdieMitgliederdesAuguren-

132 2587 214 2641 Brut.
229 2592 294 2642 seo:
314 2587 509 2657 siqaaerimm
527 2618 561 2628 -
580 2589 694 2658 reperie-
748 2587 920 2656 hollegiums
961 2588 1087 2711 gewahlt
1125 2604 1160 2642 au
1194 2588 1310 2642 werden

132 2674 205 2714 mas.
748 2657 881 2729 pflegten.
919 2657 946 2714 S.
985 2658 1121 2724 inl.§12.

261 2766 267 2779 .
290 2766 296 2778 .
359 2796 393 2806 -
495 2765 501 2778 .
648 2763 654 2775 ·
788 2736 828 2784 13
834 2730 979 2812 peremnia
987 2733 1085 2799 (ρετ-
1095 2731 1198 2799 amau)
1207 2745 1247 2811 sc.
1257 2747 1308 2785 aa·

133 2771 197 2903 §³⁵1
215 2766 346 2837 “lm
406 2781 573 2835 “W‘'
591 2763 695 2822 ‘³³²¹‘
749 2800 1309 2941 secessustrescasas:

173 2950 198 2999 6.
219 2943 304 2998 Atius
319 2942 442 3011 Nauius,
467 2941 514 2997 ein
535 2942 697 2997 herdhmter
750 2945 799 2997 teu
827 2941 904 2996 eines
926 2940 1086 2997 fliellenden
1108 2942 1248 3010 Waeeers,
1273 2943 1312 2996 da

133 3014 234 3083 Augur
270 3032 319 3068 aur
350 3014 412 3068 Zeit
443 3013 493 3068 des
526 3013 696 3082 Tarquinius
750 3013 877 3067 dadurch
909 3012 955 3067 die
987 3012 1084 3069 lrdher
1119 3013 1310 3084 augestellteu

133 3084 261 3140 Prislrus.
290 3083 387 3140 Cicero
416 3085 528 3144 mschte
558 3084 608 3138 ihu
634 3084 697 3139 hier
750 3083 904 3155 Auspicien
921 3082 1047 3155 ungiltig
1064 3086 1188 3140 wurden.

132 3156 295 3210 intumlich
326 3174 389 3211 aum
417 3156 619 3225 Zeitgenossen
647 3156 696 3210 dee
786 3173 819 3211 ea
854 3158 1042 3224 acuminibus,
1073 3155 1227 3239 Auspician
1258 3173 1310 3211 aue

134 3226 235 3282 Tullus
254 3226 404 3290 Hostilius.
437 3228 571 3309 wahrend
599 3243 630 3281 er
661 3226 696 3280 de
751 3227 806 3281 den
820 3226 1011 3311 elehtriechen
1025 3226 1256 3300 Ersehernungen
1273 3245 1310 3282 an

133 3299 270 3439 {stillis
283 3298 696 3437 aestuasse
748 3297 1310 3442 recessusaususausus:

133 3441 296 3510 Erzahlung
315 3441 384 3495 wird
402 3458 439 3494 an
457 3441 589 3495 letzterer
607 3440 695 3495 Stella
747 3439 925 3524 feuer3Tac.
940 3442 1012 3497 Anu.
1029 3440 1089 3510 XII,
1101 3446 1146 3496 64:
1170 3442 1252 3513 sipaa
1276 3458 1310 3496 ac

133 3512 234 3567 weiter
271 3512 451 3581 ausgefi‘ihrt:
498 3513 553 3583 Qui
589 3513 694 3582 (Attus)
748 3517 867 3567 tentoria
885 3513 1005 3569 miiitum
1019 3514 1082 3583 ipae
1096 3512 1309 3568 caebaiarsere.

134 3600 198 3639 cum
214 3590 328 3654 propter
341 3589 532 3653 paupertatem
549 3599 611 3638 sace
624 3600 697 3653 puer
748 3582 820 3638 Bell.
834 3582 893 3639 Afr.
908 3589 957 3639 47:
982 3585 1074 3639 eadem
1096 3589 1173 3640 nocte
1198 3584 1311 3653 putatae

129 3662 266 3727 pasceret
283 3672 343 3710 aaa
356 3672 390 3710 ea
403 3656 446 3710 liis
461 3657 577 3723 amasa,
595 3656 697 3710 carim
750 3655 864 3726 lepionis
904 3656 1027 3724 pilorm
1069 3655 1215 3711 meamiaa
1257 3672 1310 3711 saa

135 3728 250 3795 dicitur,
282 3729 308 3781 si
334 3733 529 3796 recuperasset,
560 3743 642 3781 avam
668 3741 697 3780 se
747 3731 842 3796 sponte
860 3741 957 3783 arsere.

135 3798 185 3853 deo
213 3799 359 3865 daturam,
386 3815 455 3867 qaae
481 3798 603 3852 maxima
631 3802 697 3851 esset
787 3813 848 3851 eam
879 3798 935 3852 oiri
964 3803 1105 3853 vocantur.
1138 3798 1218 3853 Viros
1242 3797 1311 3853 oder

134 3871 167 3924 ia
176 3870 266 3924 cinea
286 3870 384 3938 Itaque
393 3885 440 3924 sae
449 3870 561 3925 incesta
570 3868 607 3922 ad
616 3868 697 3922 meri·
750 3869 895 3922 eaercitam
908 3885 1004 3924 vocare
1020 3869 1058 3924 ist
1071 3867 1117 3923 ein
1130 3868 1311 3923 technisoher

135 3941 207 3996 diem
220 3947 346 4010 spectans
359 3942 391 3995 ia
403 3939 698 3995 ciaeamediadicitar
750 3938 899 3992 Ausdruch
935 3939 980 3993 fur
1016 3940 1066 3994 des
1102 3940 1223 3996 Berufen
1260 3940 1309 3994 des
1383 3977 1388 3986 .

136 4013 302 4079 comtitisse,
320 4028 432 4080 euinque
445 4012 476 4066 ia
490 4017 620 4080 quattuor
629 4026 696 4079 par·
750 4008 857 4064 Vollree
876 4027 938 4063 zum
957 4010 1064 4081 Kampf
1084 4011 1152 4067 oder
1174 4029 1223 4064 zur
1239 4010 1309 4065 Ver·

135 4089 175 4139 tes
196 4085 305 4139 cineam
324 4084 459 4138 divisisset
480 4088 585 4151 tresque
603 4087 698 4151 partes
751 4079 911 4149 sammlung
925 4080 992 4152 (den
1006 4079 1309 4152 Centuriathomitien).

135 4155 387 4221 avoeabdixisseat,
406 4160 506 4222 paona
516 4159 611 4223 parte,
629 4168 698 4221 qaae
750 4152 894 4207 Wthrend
904 4152 954 4206 das
968 4152 1042 4206 Heer
1059 4152 1089 4205 in
1103 4151 1310 4222 Kamplbereit·

135 4232 195 4281 erat
212 4226 334 4295 reliqua,
352 4226 523 4309 ia‘repioaes
539 4225 697 4289 distributa,
752 4222 846 4277 schaft
869 4224 951 4277 stand
981 4225 1023 4289 (ia
1046 4226 1195 4293 procincta
1217 4227 1308 4293 aare),

135 4296 698 4422 assiduitatestells
751 4293 927 4419 {liduit
945 4293 1311 4420 illlztlttulttl

136 4436 174 4494 a'd
191 4439 413 4510 incestipaadam
431 4454 519 4506 suem,
545 4453 576 4491 so
594 4436 698 4492 beruht
752 4435 798 4489 die
832 4408 978 4503 Soldaten,
1010 4452 1058 4488 um
1090 4435 1172 4491 ihren
1200 4435 1311 4491 Neben·
