3017 4800
198 184 242 250 94
584 178 633 233 DE
653 178 808 232 NATURA
826 178 987 235 DEORUM.

136 355 187 407 122
198 344 260 408 erit
282 343 444 430 gentium,
467 365 487 407 a
508 342 604 407 nobis
628 341 791 428 diligetur.
837 340 907 408 Vos
931 345 1040 407 autem
1069 341 1147 426 quid
1174 342 1253 407 mali
1276 341 1370 427 datis,

198 455 273 498 cum
291 436 326 496 ia
348 431 575 496 imbecillitate
599 431 874 517 gratificationem
897 435 931 496 et
954 431 1215 496 benevolentiam
1233 430 1368 515 ponitisl

197 521 245 587 Ut
267 521 355 587 enim
379 521 530 585 omittam
552 520 619 585 vim
643 523 677 584 et
703 525 856 585 naturam
879 520 1027 605 deorum,
1054 542 1095 584 ne
1124 519 1274 585 homines
1303 520 1371 604 qui·

197 611 270 675 dem
307 610 459 693 censetis,
501 609 567 673 nisi
609 609 766 674 imbecilli
802 614 924 695 essent,
970 608 1100 673 futuros
1137 608 1300 674 beneficos
1337 612 1371 673 et

197 699 356 785 benignos
387 697 512 763 fuisse?
566 696 668 763 Nulla
699 704 750 762 est
783 698 903 763 caritas
932 697 1092 762 naturalis
1126 697 1213 762 inter
1242 696 1369 762 bonos?
1388 717 1409 759 s

197 785 334 853 Carum
355 788 465 872 ipsum
487 788 623 852 verbum
652 790 702 851 est
730 788 865 872 amoris,
900 809 939 851 ex
967 808 1031 872 quo
1060 786 1224 851 amicitiae
1250 808 1371 851 nomen

197 881 248 942 est
270 877 417 962 ductum3
441 898 539 961 quam
562 876 591 940 si
614 876 654 940 ad
676 874 822 941 fructum
843 881 994 942 nostrum
1016 874 1208 961 referemus,
1234 897 1303 940 non
1330 875 1371 940 ad

196 965 284 1030 illius
309 966 491 1050 commoda,
516 987 613 1050 quem
636 964 824 1052 diligemus,
846 987 914 1030 non
937 965 1001 1030 erit
1029 964 1096 1029 ista
1125 964 1283 1049 amicitia,
1314 963 1371 1029 sed

196 1059 380 1120 mercatura
416 1054 575 1140 quaedam
610 1054 794 1118 utilitatum
826 1076 967 1120 suarum.
1021 1052 1121 1119 Prata
1157 1058 1191 1118 et
1227 1076 1306 1119 arva
1337 1058 1371 1118 et

195 1144 356 1228 pecudum
388 1164 504 1230 greges
537 1143 720 1229 diliguntur
747 1143 814 1208 isto
844 1142 955 1228 modo,
987 1142 1074 1228 quod
1102 1141 1228 1208 fructus
1259 1164 1300 1207 ex
1328 1142 1370 1207 iis
1390 1163 1428 1204 rc·

197 1232 382 1318 capiuntur,
405 1231 575 1298 hominum
598 1232 717 1297 caritas
741 1237 775 1297 et
798 1231 943 1298 amicitia
966 1231 1112 1319 gratuita
1133 1235 1192 1298 est.
1239 1229 1371 1308 Quanto

195 1321 299 1408 igitur
321 1321 427 1407 magis
451 1321 598 1405 deorum,
621 1321 678 1406 qui
699 1321 792 1386 nulla
811 1343 846 1386 re
865 1325 999 1408 egentes
1018 1324 1052 1385 et
1069 1320 1156 1385 inter
1175 1342 1208 1386 se
1227 1319 1372 1407 diligunt

196 1415 230 1475 et
243 1410 431 1476 hominibus
451 1411 639 1476 consulunt!
664 1408 758 1487 Quod
775 1409 811 1475 ni
829 1411 877 1475 ita
896 1411 953 1495 sit,
972 1410 1050 1496 quid
1068 1432 1272 1494 veneramur,
1291 1409 1371 1494 quid

195 1522 365 1584 precamur
394 1499 494 1565 deos?
531 1522 588 1564 cur
618 1498 718 1565 sacris
745 1500 933 1584 pontifices,
963 1521 1020 1564 cur
1047 1499 1200 1583 auspiciis
1229 1519 1370 1584 augures

194 1588 373 1672 praesunt?
406 1588 483 1674 quid
506 1593 658 1673 optamus
683 1611 702 1653 a
724 1589 774 1653 dis
797 1587 1062 1653 immortalibus?
1091 1587 1169 1673 quid
1191 1587 1371 1652 vovemus?
1390 1606 1426 1649 rs-

134 1676 241 1742 128At
264 1677 364 1742 etiam
386 1677 471 1742 liber
493 1683 544 1742 est
565 1676 701 1762 Epicuri
719 1677 759 1742 de
777 1677 963 1743 sanctitate.
999 1675 1158 1741 Ludimur
1176 1676 1217 1741 ab
1236 1676 1371 1742 homine

194 1788 262 1831 non
293 1770 361 1831 tam
393 1765 501 1831 faceto
532 1788 630 1851 quam
659 1766 700 1830 ed
730 1766 893 1831 scribendi
923 1765 1089 1831 licentiam
1119 1765 1232 1831 libero.
1279 1763 1371 1842 Quae

195 1855 282 1920 enim
308 1859 421 1939 potest
443 1877 514 1920 esse
537 1855 709 1938 sanctitas,
737 1855 767 1920 si
789 1855 835 1919 dii
857 1854 1001 1920 humana
1022 1877 1089 1920 non
1112 1853 1250 1920 curant?
1285 1876 1370 1939 quae

195 1947 306 2009 autem
324 1944 472 2008 animans
490 1948 609 2008 natura
626 1943 710 2008 nihil
730 1943 869 2009 curans?
897 1942 1016 2010 Verius
1031 1949 1082 2008 est
1095 1943 1199 2030 igitur
1212 1942 1371 2008 nimirum

193 2032 289 2117 illud,
318 2032 405 2118 quod
434 2032 606 2097 familiaris
637 2032 783 2097 omnium
811 2034 963 2098 nostrum
990 2032 1184 2098 Posidonius
1213 2032 1370 2097 disseruit
1388 2052 1424 2093 so

193 2122 229 2186 in
254 2121 340 2187 libro
368 2121 484 2207 quinto
512 2120 551 2186 de
577 2125 696 2187 natura
723 2121 870 2208 deorum,
897 2122 1005 2187 nullos
1029 2144 1100 2187 esse
1123 2122 1200 2187 deos
1223 2120 1370 2206 Epicuro

193 2211 310 2295 videri,
340 2232 486 2296 quaeque
515 2210 544 2274 is
572 2209 611 2274 de
639 2210 688 2275 dis
716 2211 958 2277 immortalibus
986 2210 1118 2296 dixerit,
1146 2210 1287 2275 invidiae
1317 2210 1371 2275 de·

194 2298 363 2365 testandae
392 2299 500 2386 gratia
529 2298 657 2364 dixisse.
703 2298 818 2385 Neque
847 2301 933 2365 enim
959 2305 1029 2365 tam
1056 2299 1218 2384 desipiens
1240 2298 1371 2386 fuisset,

194 2394 232 2454 ut
262 2387 452 2454 homunculi
483 2388 623 2454 similem
655 2388 751 2455 deum
783 2389 935 2476 fingeret,
966 2389 1167 2455 liniamentis
1197 2389 1370 2455 dumtaxat

194 2478 361 2563 extremis,
383 2500 451 2543 non
472 2477 588 2543 habitu
611 2478 729 2565 solido,
752 2478 908 2544 membris
931 2478 1074 2544 hominis
1097 2478 1282 2563 praeditum
1300 2500 1370 2543 om·
1388 2498 1421 2541 ss

193 2568 304 2652 nibus,
330 2590 393 2632 usu
420 2567 642 2632 membrorum
668 2590 710 2633 ne
733 2568 869 2633 minimo
893 2568 1037 2654 quidem,
1066 2567 1183 2633 exilem
1206 2567 1369 2653 quendam

194 2660 292 2741 atque
306 2656 516 2742 perlucidum,
533 2656 617 2721 nihil
632 2657 783 2743 cuiquam
798 2657 1006 2742 tribuentem,
1019 2656 1103 2721 nihil
1117 2657 1369 2744 gratificantem,

195 2745 327 2810 omnino
342 2744 433 2810 'nihil
457 2749 638 2831 curantem,
660 2745 744 2811 nihil
768 2751 928 2833 agentem.
971 2744 1061 2823 Quae
1083 2749 1201 2811 natura
1223 2746 1369 2831 primum

231 3015 254 3061 1.
273 3009 347 3063 dctis
364 3035 391 3055 ει
410 3010 529 3077 affertis,
555 3026 585 3064 sc
612 3011 752 3078 manum,
843 3016 868 3066 9.
891 3015 1046 3065 mercatura
1067 3009 1207 3078 amedera
1248 3008 1368 3079 Senep.

193 3079 322 3148 dolorem,
332 3082 498 3149 pernicicm,
517 3082 620 3137 luctam
638 3079 751 3136 ducein
808 3087 832 3149 9,
844 3088 873 3138 9:
892 3081 967 3148 Ista,
988 3097 1070 3150 qaam
1088 3086 1120 3136 ta
1133 3081 1272 3149 danitas,
1286 3096 1366 3152 nepo·

194 3149 244 3204 der
280 3150 404 3221 Spraohe
445 3151 494 3206 des
535 3151 752 3222 gewohnlichcn
806 3153 886 3209 rucio
913 3158 952 3207 cst
978 3168 1035 3207 aea
1061 3152 1201 3219 amicitia,
1233 3168 1302 3221 quac
1328 3151 1371 3207 cd

193 3221 311 3277 Lebens.
348 3221 411 3291 Vgl.
426 3223 474 3291 111,
486 3228 528 3278 66.
806 3224 973 3278 cmaraodam
989 3224 1107 3290 accedit,
1125 3240 1207 3292 mccc,
1220 3224 1289 3292 qaid
1302 3239 1367 3279 cca·

229 3299 254 3347 2.
268 3294 301 3348 ia
323 3295 513 3349 imbecillitate.
541 3292 693 3362 VglLael.
704 3299 751 3348 29:
805 3301 933 3350 secutura
951 3295 1002 3361 stt,
1020 3300 1131 3364 spectat.

192 3364 537 3449 lwffllbeqflfflfflllam)
551 3365 752 3449 &521⁴le
840 3399 955 3439 maram
982 3381 1027 3437 fdr
1053 3388 1220 3451 scararum,
1248 3399 1270 3438 s.
1293 3388 1308 3448 ξ
1330 3387 1366 3437 87

192 3438 227 3490 ab
254 3438 439 3492 imbecillatum
461 3437 615 3505 proficeret,
646 3442 688 3519 at·
704 3442 751 3504 sat,
805 3473 827 3510 Ζ,
842 3456 897 3510 pipi
914 3455 1065 3525 ,papum

187 3523 335 3591 ΨΜ
352 3508 532 3590 “animm
553 3507 625 3576 W
637 3523 751 3592 ww
840 3549 882 3599 16.
903 3544 1052 3611 Lccdimar,
1075 3542 1126 3596 das
1144 3540 1291 3596 Passivum
1309 3556 1367 3596 von

192 3579 335 3662 ‘imit’
353 3579 482 3633 humilem
501 3594 569 3633 ΝΜ
590 3579 751 3663 selmum
805 3615 896 3671 ludere
934 3614 987 3668 wic
1028 3613 1145 3669 ‚Flacc
1172 3617 1219 3667 76:
1247 3618 1278 3668 ta
1304 3612 1367 3669 luds·

192 3654 218 3703 ct
235 3665 347 3703 menime
361 3664 532 3720 praerosam,
550 3654 582 3705 ut
595 3650 750 3718 dadacum,
803 3692 829 3743 ,e
846 3656 909 3741 Μ’
921 3631 1111 3742 Μεηθρώωρ

192 3725 282 3775 onum
299 3721 446 3774 amicitiae.
1011 3703 1028 3757 9

220 3796 251 3872 '‘1.
268 3790 435 3872 adfractcm
453 3798 577 3847 nostrum
594 3795 749 3881 resecanur,
841 3798 883 3848 17.
902 3808 959 3848 ccc
976 3797 1033 3848 tam
1050 3793 1147 3860 faceto,
1166 3789 1219 3846 wic
1234 3796 1250 3857 ς
1263 3796 1312 3847 86:
1331 3791 1366 3846 dc
1499 3773 1501 3832 l

192 3877 245 3915 rue
272 3859 393 3931 Eprhurz
421 3862 470 3917 καὶ
496 3860 548 3933 τὴν
576 3865 675 3932 φιλίαν
701 3866 750 3919 δια
803 3864 911 3921 homine
928 3864 1040 3918 minime
1057 3864 1151 3931 cefro,
1169 3862 1263 3930 11‚4c:
1286 3863 1368 3918 tomo

191 3929 241 3995 τὰς
259 3933 355 4001 χρείας
373 3936 537 4003 γίγνεσθαι,
561 3934 643 4006 Diog.
657 3935 750 3991 Laert.
804 3952 862 3991 non
879 3935 1039 4005 aptissimus
1056 3935 1093 3990 ad
1111 3935 1267 3990 iocandum.

190 4003 308 4085 X,1ao.
355 4003 408 4086 Dic
436 4007 568 4075 spateren
595 4005 751 4076 Epikureer
840 4048 875 4097 ,0
901 4041 1067 4097 Posidonia,
1095 4039 1197 4095 ΒΜ
1219 4044 1283 4105 §19

191 4076 301 4131 wrchen
326 4075 461 4146 flbrrgens
485 4093 539 4132 von
554 4073 647 4132 dieser
658 4078 749 4133 Theo·
877 4083 883 4096 ’
1066 4082 1076 4109 ’
1110 4084 1116 4097 ’
1199 4082 1204 4093 '
1285 4083 1291 4095 '

190 4145 244 4216 rie,
267 4146 376 4202 welche
397 4148 453 4203 den
470 4147 632 4203 krasscstcn
651 4148 750 4219 Egois-
839 4133 1363 4217 28.tcmdtstpiccssutssct.Dcrllber·

190 4235 252 4273 mus
279 4219 322 4272 als
349 4218 440 4274 Motis
468 4219 518 4275 der
544 4219 751 4275 Freundschaft
803 4236 880 4291 gang
902 4236 952 4274 aus
976 4219 1026 4273 der
1049 4220 1117 4273 crat.
1133 4216 1250 4287 obliqua
1266 4217 1297 4271 in
1316 4216 1366 4273 die

189 4287 333 4357 hinstth,
360 4290 397 4344 ab
421 4291 479 4345 und
501 4289 601 4346 fcssten
624 4290 749 4347 dissolbe
787 4285 873 4347 'orat
892 4293 971 4346 recta
1010 4288 1064 4345 wie
1091 4288 1172 4344 nicht
1199 4290 1291 4344 seltcn
1315 4287 1365 4344 bei

189 4358 298 4415 idealcr
317 4361 372 4416 auf.
804 4362 902 4420 Cicero
920 4362 950 4416 in
969 4332 1088 4417 diacon.
1126 4360 1312 4431 vgl.11‚1as.
