3017 4800
475 193 542 249 ΜΒ.
558 193 592 248 11.
608 193 675 264 cap.
689 200 736 262 ro,
753 200 796 249 ar.
811 200 826 261 e
842 199 955 249 cr-ee.
1093 172 1096 177 ⁴
1240 197 1304 263 135

123 361 237 422 custos
267 357 482 442 intumarum,
514 357 620 421 omnis
651 361 684 422 et
701 358 859 441 'precatio
884 361 917 422 et
941 358 1135 423 sacrificatio
1160 361 1305 422 extrema

123 451 183 511 est.
231 444 302 511 Nec
333 448 432 533 longe
464 446 586 511 absunt
618 446 659 511 ab
691 446 753 511 hac
784 447 818 511 vi
848 447 880 510 di
908 446 1047 511 Penates
1076 448 1143 511 sive
1170 470 1191 512 a
1217 469 1304 530 penu
1323 457 1357 506 68

123 535 225 600 ducto
247 535 380 600 nomine
400 533 465 621 (est
484 536 571 599 enim
591 557 699 620 omne,
723 559 788 620 quo
807 540 983 600 vescuntur
1001 535 1163 620 homines,
1186 534 1304 646 penus)

123 624 192 689 sive
221 625 263 689 ab
288 647 339 709 eo,
371 624 458 709 quod
480 624 611 708 penitus
633 624 791 710 insident,
824 647 863 688 ex
886 646 950 709 quo
975 625 1074 689 etiam
1093 623 1289 709 ‘penetrales

90 733 104 773 e
123 737 142 778 a
165 713 274 797 poetis
298 718 465 778 vocentur.
510 712 582 777 Iam
605 713 770 798 Apollinis
793 735 913 778 nomen
936 717 987 778 est
1011 712 1183 799 Graecum,
1206 735 1304 798 quem

123 801 237 866 Solem
267 825 338 867 esse
367 803 492 888 uolunt.
537 802 678 867 Dianam
708 806 825 872 autem,
849 806 882 867 ct
911 801 1038 867 Lunam
1068 803 1203 868 eandem
1232 824 1303 868 esse

121 895 258 975 putant,
282 914 356 955 cum
376 889 432 956 Sol
455 891 562 957 dietus
586 892 643 976 sit,
667 892 718 956 vel
742 891 819 976 quia
843 892 932 957 solus
956 914 995 955 ex
1019 892 1168 956 omnibus
1193 892 1305 956 sideri-

25 978 27 981 ’
121 981 185 1045 bus
210 984 262 1044 est
285 984 397 1045 tantus
421 981 473 1045 vel
497 981 587 1064 quia,
611 1002 684 1045 eum
708 985 759 1045 est
778 985 924 1064 exortus,
948 980 1130 1045 obscuratis
1150 981 1302 1046 omnibus

108 1070 214 1143 xsolus
239 1074 388 1153 apparet,
411 1068 505 1134 Luna
529 1093 548 1134 a
570 1070 706 1135 lucendo
729 1069 899 1133 nominata
923 1069 981 1154 sit,
1006 1069 1118 1133 eadem
1141 1074 1192 1134 est
1215 1070 1302 1135 enim

78 1179 103 1218 rc
121 1157 258 1223 Lucina.
304 1158 434 1244 Itaque,
457 1162 496 1223 ut
512 1158 598 1242 apud
618 1157 760 1223 Graecos
778 1157 932 1242 Dianam,
956 1180 1091 1243 eamque
1109 1157 1302 1244 Luciferam,

122 1247 170 1312 sic
208 1247 295 1331 apud
330 1252 463 1312 nostros
498 1247 658 1312 Iunonem
690 1247 848 1311 Lucinam
880 1247 915 1311 in
946 1247 1102 1332 pariendo
1134 1247 1302 1334 invocant,

121 1359 207 1422 quae
240 1337 352 1401 eadem
382 1335 489 1401 Diana
513 1330 712 1423 ‘omnivaga’
745 1336 879 1420 dicitur,
910 1358 978 1400 non
1008 1359 1027 1400 a
1054 1337 1214 1421 venando,
1246 1337 1303 1402 sed

122 1425 211 1510 quod
234 1425 270 1489 in
293 1430 420 1510 septem
442 1430 633 1490 numeratur
651 1429 820 1510 tamquam
838 1425 1044 1512 vagantibus.
1081 1423 1188 1490 Diana
1206 1426 1302 1512 dicta,
1322 1437 1356 1485 69

122 1514 200 1599 quia
221 1519 325 1579 noctu
348 1514 442 1599 quasi
465 1515 551 1579 diem
575 1514 727 1580 efficeret.
773 1513 960 1578 Adhibetur
982 1518 1092 1578 autem
1116 1514 1156 1578 ad
1178 1518 1302 1600 partus,

77 1625 104 1665 15
122 1604 211 1688 quod
228 1603 254 1667 ii
273 1607 499 1668 maturescunt
518 1608 575 1668 aut
594 1608 719 1688 septem
737 1626 806 1670 non
822 1625 1002 1688 numquam
1021 1607 1086 1685 aut,
1105 1606 1143 1665 ut
1160 1604 1301 1687 plerum-

122 1715 199 1777 que,
221 1714 341 1758 novem
363 1693 460 1757 lunae
484 1692 647 1778 cursibus,
671 1693 727 1778 qui
751 1693 828 1778 quia
852 1714 964 1756 mensa
988 1691 1095 1776 spatia
1116 1692 1302 1777 conficiunt,

121 1778 275 1860 ‘menses'
301 1781 522 1847 nominantur.
568 1779 812 1868 Gonc‘mneque,
842 1786 879 1845 ut
902 1781 1019 1866 multa,
1049 1780 1215 1865 Timaeus,
1246 1780 1303 1866 qui

157 1964 181 2011 1.
201 1957 335 2012 moreis-
350 1963 685 2013 eetremaest=eatremo
739 1956 833 2011 dieser
868 1955 972 2010 Mond·
1013 1955 1072 2010 und
1113 1954 1299 2026 Lichtgdttin,
1353 1968 1373 2013 <

120 2029 177 2083 loco
203 2034 250 2082 eet.
301 2026 441 2098 Beispiele
473 2044 529 2082 von
557 2028 685 2082 Gebeten
738 2028 847 2101 welche
870 2027 1001 2097 augleich
1020 2044 1076 2080 von
1089 2026 1175 2081 alters
1194 2028 1246 2082 her
1259 2026 1301 2080 als

120 2100 178 2152 und
187 2098 308 2169 Opfern,
325 2099 371 2153 die
380 2099 435 2153 mit
443 2099 531 2153 Janus
542 2098 684 2169 beginnen
739 2099 785 2154 die
804 2099 974 2168 machtigste
1000 2097 1218 2169 Geburtsgdttin
1244 2115 1302 2153 von

120 2171 178 2224 und
189 2170 245 2224 mit
253 2169 341 2224 Vesta
358 2170 495 2239 cneigen,
514 2171 609 2224 finden
623 2171 684 2224 sich
739 2172 795 2225 den
812 2172 936 2225 Rtmern
954 2169 1116 2239 angesehen
1135 2170 1239 2237 wurde,
1258 2185 1301 2223 er-

120 2241 267 2295 zahlreich
285 2240 315 2294 in
325 2241 381 2295 den
389 2241 511 2297 tahhfr.
522 2243 617 2297 Arval.
633 2240 685 2296 Bei
739 2242 851 2297 echeint
870 2245 965 2312 ep'ater
977 2240 1087 2310 infolge
1102 2240 1302 2311 griechischen

118 2311 326 2366 denGriechen
339 2313 436 2366 wurde
450 2313 538 2367 Vesta
551 2313 684 2382 gewohn·
738 2312 889 2367 Einflueses
918 2314 983 2369 sehr
1007 2312 1104 2382 htufig
1132 2312 1178 2366 die
1202 2313 1301 2367 Diana

118 2384 180 2438 lich
200 2401 238 2438 an
256 2385 346 2439 erster
364 2382 453 2439 Stella
472 2383 634 2454 angerufen.
739 2384 903 2440 Manuale
916 2383 1140 2454 Geburtsgtttin.
1159 2384 1300 2456 Vgl.Hor.

155 2462 182 2512 2.
202 2457 263 2510 Nee
272 2457 350 2525 torrae
363 2457 465 2511 adeant
475 2488 508 2496 —
522 2458 553 2511 aa·
562 2457 685 2511 Peaatee.
741 2473 825 2510 cerm.
841 2472 912 2511 saec.
924 2461 967 2511 15.

118 2526 178 2580 Der
197 2527 276 2582 Herd
295 2544 353 2580 war
376 2526 507 2597 zngleich
532 2527 582 2582 der
604 2527 686 2580 Alter
777 2533 819 2582 12.
843 2528 997 2598 ommaapa.
1028 2525 1127 2581 Dieees
1145 2525 1301 2596 Epitheton

118 2598 166 2651 fur
185 2598 232 2652 die
251 2598 386 2654 Penaten.
442 2669 449 2680 .
606 2667 612 2679 ,
739 2598 829 2652 findet
847 2596 909 2651 sich
919 2599 998 2651 scnst
1007 2596 1151 2668 nirgends,
1170 2598 1300 2667 dagegen

118 2686 258 2795 ..aaa
279 2668 687 2822 aranachae
740 2669 1219 2822 Hartamuatrr...
1261 2756 1300 2822 ...

113 2814 231 2882 percitae
249 2812 355 2866 wieder
374 2828 430 2881 eng
448 2812 501 2865 mit
520 2828 612 2883 percus
637 2829 682 2864 zu·
737 2813 831 2878 mellis,
851 2811 897 2865 dre
916 2809 1068 2879 Planeten,
1088 2828 1122 2864 au
1140 2810 1232 2865 denen
1251 2810 1299 2865 dre

117 2883 347 2952 sammenh'angt.
384 2882 529 2937 Demnach
549 2882 613 2937 sind
637 2882 684 2937 die
737 2882 824 2936 Alton
842 2881 915 2935 auch
934 2880 1026 2936 Sonne
1044 2881 1102 2934 und
1116 2880 1203 2936 Mond
1220 2881 1300 2935 rech·

118 2954 247 3009 Penaten
275 2954 322 3008 die
353 2953 551 3008 freundlichen
584 2954 685 3008 Gotter
737 2957 832 3008 neten.
852 2983 886 2993 —
900 2959 1053 3021 tamquam,
1074 2953 1150 3007 denn
1166 2954 1238 3021 saiso
1255 2970 1300 3009 aa·

118 3026 171 3078 des
190 3025 313 3093 Hausos,
341 3024 387 3081 die
410 3026 456 3100 fiir
484 3025 531 3080 die
557 3024 684 3095 ttgliche
738 3032 840 3081 camur
856 3029 978 3079 errantes
995 3025 1022 3094 (ξ
1033 3027 1087 3095 51).

118 3095 260 3166 Nahrung
278 3113 388 3166 surgen,
774 3097 1115 3164 Diana-dicmeffieeret.
1132 3096 1302 3150 lnderThat

156 3175 182 3223 3.
202 3175 242 3223 est
259 3169 332 3222 em'm
346 3184 423 3223 omae
437 3198 471 3208 -
481 3184 580 3238 pereae.
598 3167 684 3236 Verg.
739 3165 1301 3223 stammenbeideWortevonderWurzel

88 3258 94 3278 ν
118 3240 190 3294 Aen.
212 3239 233 3307 Ι,
257 3246 321 3293 103ε
352 3240 452 3308 quibas
482 3240 578 3295 ardiae
605 3241 684 3310 leupo
738 3240 785 3295 dio
804 3239 849 3304 ab,
867 3239 975 3293 welche
990 3234 1142 3293 ‘leuchten’
1157 3239 1300 3294 bedentet.

117 3326 190 3365 eura
205 3327 309 3381 penum
327 3317 438 3365 struere.
777 3318 818 3366 16.
836 3326 929 3365 measa
947 3311 1047 3379 spatia.
1073 3310 1126 3364 Die
1144 3310 1242 3364 Warte
1255 3310 1301 3363 ffir

156 3388 182 3436 4.
203 3383 357 3451 penetrales
385 3399 404 3436 a
427 3383 519 3451 poetis
543 3388 683 3436 vocamur.
738 3382 826 3437 Mond
854 3381 923 3435 oder
940 3381 1039 3435 Monat
1066 3380 1129 3434 sind
1163 3380 1193 3433 in
1224 3380 1300 3434 allen

118 3452 186 3507 Sen.
201 3452 269 3507 Oed.
284 3459 350 3507 265:
364 3470 507 3524 perrepaa
516 3454 685 3523 temperare
737 3451 1024 3521 indogermanischen
1033 3452 1177 3521 Sprachen
1190 3450 1241 3505 auf
1252 3450 1300 3506 die

113 3526 272 3594 penetrales
289 3526 361 3580 dece.
685 3570 689 3575 .
739 3523 854 3578 Wureel
871 3523 926 3592 md,
947 3522 993 3577 die
1011 3519 1135 3577 ‘mersen'
1155 3522 1298 3592 bedentet

157 3603 182 3652 1.
201 3598 243 3652 cel
260 3598 327 3665 quia
346 3597 428 3651 cotue.
457 3594 542 3649 Diese
570 3594 684 3663 Etyma·
737 3595 986 3649 zurdckzufiihren.

118 3666 206 3736 logie,
222 3668 334 3722 welche
353 3684 410 3721 von
429 3664 603 3736 Chrysippus
621 3666 683 3718 her·
776 3672 816 3721 17.
837 3666 976 3721 Gouriane
993 3663 1063 3718 wird
1078 3665 1302 3733 gebrauchtvon

116 3740 210 3805 rfihrt,
226 3734 371 3807 Ἀπόλλων,
391 3734 435 3793 ὅτι
453 3734 540 3806 μόνος
560 3732 617 3791 ἐστὶ
635 3735 685 3790 καὶ
738 3737 789 3790 der
808 3736 1040 3806 symmetrischen
1058 3735 1232 3806 Gliederung
1250 3737 1301 3792 der

117 3806 184 3878 οὐχὶ
192 3811 295 3864 πολλοί
300 3809 436 3881 (Macrob.
443 3809 524 3877 iu),
534 3807 573 3861 ist
581 3808 685 3862 hochst
737 3807 830 3874 Rede,
846 3806 909 3861 eine
920 3806 1186 3863 charahterietische
1196 3808 1299 3878 Eigen·

118 3881 299 3935 wanderbar.
336 3880 393 3934 Das
408 3879 492 3933 Wcrt
509 3878 613 3932 istaut
624 3877 684 3932 die·
737 3877 920 3933 tdmlichkeit
934 3878 984 3933 dee
998 3878 1084 3934 Stiles
1099 3880 1148 3934 des
1160 3879 1299 3934 Timaeus.

119 3952 200 4006 eelbe
224 3951 338 4006 Wurzel
363 3950 606 4005 eurtickzufdhren
630 3949 684 4002 wie
738 3948 817 4004 Brut.
836 3956 902 4004 3252
925 3966 1024 4021 ymera
1046 3957 1136 4006 amem
1159 3951 1300 4005 Asiaticae

116 4022 238 4089 σέλ-ας,
259 4021 391 4092 aet-dra.
420 4020 544 4089 Curtius,
564 4020 683 4075 Grunda
738 4022 869 4076 dietiomt
895 4022 949 4077 duo
976 4027 1055 4076 saar.-
1081 4037 1169 4076 amrm
1194 4026 1298 4075 certm-

117 4095 147 4150 d.
163 4112 204 4163 gr.
214 4094 272 4150 Et⁶.
282 4113 310 4165 p.
321 4099 383 4150 551.
736 4094 837 4147 ticcam
856 4099 881 4147 et
907 4099 1051 4163 amatam,
1076 4092 1217 4146 sementim
1242 4107 1300 4146 non

159 4172 201 4222 10.
223 4166 386 4234 Luciferam
407 4191 435 4210 =
455 4160 579 4233 ’Ἄρτεμιν
608 4180 684 4232 aaa·
736 4170 795 4218 tam
817 4165 948 4233 pravitas
970 4170 995 4218 et
1017 4165 1114 4218 sermio
1136 4178 1218 4230 qaam
1236 4178 1299 4217 core·

2 4289 3 4292 ,
118 4232 227 4305 φόρον,
248 4236 294 4291 die
318 4235 366 4291 bei
393 4236 448 4290 den
474 4233 615 4289 Griechen
642 4233 684 4288 als
738 4236 830 4289 aramis
849 4241 874 4290 et
887 4236 1023 4301 cerrectis,⁸
1040 4233 1131 4303 amalis
1144 4234 1300 4289 intimaris

115 4307 341 4378 Geburtsgottin
359 4307 426 4376 galt.
740 4306 875 4362 Timaeus.

157 4384 200 4435 11.
225 4380 365 4439 Jaaoaem
393 4379 539 4433 Lucinam.
584 4375 684 4431 Neben
776 4377 902 4432 Timaeus
929 4392 979 4428 aus
1007 4373 1225 4429 Tauromenium
1252 4375 1304 4430 auf
