3017 4800
200 245 244 310 30
587 240 635 296 DE
653 239 806 296 NATURA
824 239 985 296 DEORUM.

199 427 267 471 non
289 406 464 471 levissuma
495 405 535 470 de
564 426 613 490 re,
644 410 682 470 ut
714 404 862 490 queritur
895 405 950 469 ille
987 403 1045 468 ‘in
1082 403 1245 468 civitate
1282 402 1374 468 fieri

199 494 378 561 facinora
401 494 617 579 capitalia':

289 620 335 685 ab
372 620 496 685 amico
533 623 688 685 amante
725 623 930 706 argentum
970 618 1148 703 accipere
1186 617 1376 682 meretrix

1053 707 1250 792 nonnult,

147 846 180 896 14
199 834 256 899 sed
279 837 317 899 ut
340 833 461 919 adsint,
491 838 704 920 cognoscant,
731 833 1006 917 animadvertant,
1036 831 1114 918 quid
1142 832 1180 897 de
1207 832 1375 918 religione,

199 923 336 1008 pietate,
359 923 549 1007 sanctitate,
582 922 803 1008 caerimoniis,
834 922 911 1008 fide,
943 922 1013 986 iure
1042 921 1193 1007 iurando,
1226 920 1304 1006 quid
1336 921 1409 986 deo

199 1012 346 1097 templis,
369 1012 512 1077 delubris
536 1012 769 1097 sacrificiisque
793 1011 1022 1095 sollemnibus,
1044 1010 1123 1094 quid
1146 1010 1185 1076 de
1208 1010 1289 1095 ipsis
1318 1032 1374 1074 au·

199 1101 326 1187 spiciis,
349 1101 468 1185 quibus
491 1123 551 1167 nos
574 1124 781 1187 praesumus,
811 1100 1064 1166 existimandum
1094 1099 1152 1185 sit,
1179 1100 1260 1164 haec
1288 1099 1375 1163 enim

199 1190 309 1255 omnia
338 1190 380 1254 ad
408 1189 493 1255 hanc
523 1191 562 1255 dc
592 1190 641 1256 dis
671 1190 915 1257 immortalibus
946 1189 1172 1274 quaestionem
1207 1188 1376 1254 referenda

199 1283 284 1344 sunt.
331 1278 484 1345 Profecto
508 1301 563 1345 eos
587 1280 690 1366 ipsOS,
719 1280 776 1365 qui
808 1302 843 1345 se
875 1278 999 1364 aliquid
1031 1278 1113 1343 certi
1141 1277 1261 1343 habere
1291 1277 1377 1342 arbi·

198 1372 342 1453 tuantur,
366 1368 557 1434 addubitare
582 1373 678 1455 coget
701 1368 967 1434 doctissimorum
985 1367 1156 1433 hominum
1175 1368 1214 1432 de
1232 1366 1375 1431 maxima
1395 1389 1424 1430 ro

147 1470 180 1519 lo
199 1479 234 1522 re
258 1461 353 1523 tanta
375 1457 545 1523 dissensio.
591 1456 685 1534 Quod
708 1480 783 1523 cum
806 1480 903 1542 saepe
926 1457 1020 1542 alias,
1044 1461 1115 1521 tum
1138 1456 1278 1521 maxime
1306 1455 1374 1520 ani·

198 1545 370 1629 madverti‚
394 1568 468 1611 cum
495 1547 581 1631 apud
610 1544 644 1612 O.
663 1544 810 1632 Cottam,
837 1546 1033 1612 familiarem
1069 1568 1192 1631 meum,
1224 1548 1374 1610 accurate

198 1657 275 1700 sane
299 1639 332 1700 et
355 1634 530 1721 diligenter
552 1636 591 1701 de
614 1636 664 1701 dis
688 1636 929 1702 immortalibus
953 1635 1158 1719 disputatum
1181 1639 1240 1700 est.
1287 1632 1375 1699 Nam

198 1746 271 1789 cum
289 1722 381 1789 feriis
400 1722 528 1789 Latinis
548 1725 589 1789 ad
607 1748 681 1790 eum
699 1725 803 1810 ipsius
822 1729 942 1812 rogatu
961 1724 1184 1809 arcessituque
1202 1723 1374 1808 venissem,

199 1813 318 1878 offendi
342 1834 415 1877 eum
439 1814 607 1879 sedentem
634 1814 670 1880 in
692 1815 810 1879 exedra
840 1818 873 1878 et
903 1836 977 1880 cum
1006 1810 1041 1879 O.
1064 1811 1192 1878 Velleio
1223 1816 1374 1878 senatore
1394 1834 1421 1876 rs

198 1901 438 1986 disputantem,
461 1902 502 1967 ad
525 1926 622 1988 quem
646 1908 717 1968 tum
740 1903 896 1989 Epicurei
917 1902 1041 1988 primas
1066 1924 1105 1967 ex
1127 1901 1252 1967 nostris
1271 1900 1375 1967 homi·

197 1990 295 2056 nibus
319 1989 517 2056 deferebant.
546 1991 671 2058 Aderat
690 1992 790 2058 etiam
810 1991 847 2068 Q.
865 1991 1011 2058 Lucilius
1030 1990 1163 2076 Balbus,
1187 1991 1244 2076 qui
1262 1994 1373 2056 tantos

198 2221 271 2282 168),
289 2218 343 2274 Die
362 2216 519 2292 συνέφηβοι
538 2220 587 2275 des
605 2219 760 2275 Menander
813 2221 903 2287 αοηιί,
940 2217 993 2273 wie
1029 2219 1107 2275 Varr.
1146 2218 1197 2287 IV,
1230 2223 1259 2271 42
1297 2219 1375 2288 αριιά

199 2288 315 2344 dienten
346 2289 406 2344 ihm
444 2290 485 2345 als
517 2291 644 2348 Verbild.
694 2291 759 2347 Von
812 2292 916 2348 Heium
934 2291 966 2346 in
984 2292 1106 2346 ocdibw.
1121 2322 1154 2331 -
1169 2278 1244 2346 Uber
1258 2286 1373 2357 Cotta,

199 2360 296 2417 seincn
315 2360 494 2419 zahlreichcn
512 2361 671 2418 Komodien
694 2363 759 2419 sind
812 2359 1374 2427 VelleiusundBalbuss.Einl.§15.

197 2450 251 2487 nur
273 2432 468 2489 Bruchstdolre
492 2434 634 2501 erhalten3
660 2433 758 2491 Cicero
850 2441 892 2491 13.
925 2450 1005 2504 abac,
1033 2434 1226 2501 versichernd,
1256 2432 1375 2502 steigert

198 2503 295 2585 eitiert
312 2504 363 2558 ihn
377 2505 464 2560 dfters
479 2506 548 2577 (rgl.
563 2506 611 2574 111,
624 2508 677 2577 ⁷2).
707 2506 758 2561 Die
813 2504 860 2561 dia
887 2505 1073 2631 Eiganschatt
1100 2504 1150 2560 des
1179 2502 1373 2574 Adjaetivums

197 2576 301 2630 beiden
319 2578 414 2631 ersten
429 2577 518 2632 Versa
537 2577 601 2632 sind
619 2577 756 2633 katalckt.
813 2578 920 2632 oderA
942 2576 1095 2646 verbiums,
1114 2576 1168 2631 mit
1184 2575 1322 2630 welchem
1343 2589 1373 2628 es

197 2647 494 2718 arcessamus,
518 2649 549 2704 in
571 2649 759 2704 demlctzten
814 2648 875 2704 sich
911 2648 1073 2718 verbindet,
1105 2647 1234 2717 ‘hochst,
1273 2643 1374 2700 ausser·

197 2717 237 2773 ist
255 2718 305 2773 das
325 2718 463 2774 Varsmass
481 2722 598 2790 gesttrt.
631 2720 758 2775 Wieder·
814 2714 1150 2788 ordentlich,durehaus’.
1174 2724 1244 2786 §182
1258 2718 1375 2786 fidenter

197 2789 366 2861 hengestellt
378 2807 435 2847 ron
448 2790 590 2862 Ribbeck,
609 2789 686 2848 Com.
697 2791 759 2847 Lat.
813 2808 890 2861 aona,
911 2797 958 2848 ὅτε
976 2792 1049 2847 aniz
1065 2806 1132 2847 sane
1150 2807 1176 2846 u.
1192 2789 1242 2845 oft.

197 2860 297 2931 reliqu.
312 2881 339 2933 p.
355 2868 398 2918 60.
851 2869 893 2919 14.
916 2864 996 2932 feriis
1020 2863 1146 2930 Latinis,
1170 2861 1222 2916 das
1247 2860 1314 2914 Fest
1338 2875 1373 2913 zu

234 2938 260 2988 4.
279 2934 387 3003 adsint,
406 2941 577 3006 cognoscant.
603 2934 758 3017 Vgl.Verr.
812 2935 908 2990 Ehren
932 2934 982 2988 des
1006 2934 1137 3005 Juppiter
1161 2932 1290 2988 latram
1313 2929 1373 2984 und

197 3003 219 3074 I,
231 3010 261 3060 32
275 3005 350 3061 adsit
358 3007 518 3075 respondeat
523 3026 535 3074 ;
551 3017 579 3077 p'.
590 3005 758 3072 Qu1nct.⁷5=
813 3024 861 3061 zur
878 3004 1058 3074 Erinnerung
1075 3021 1111 3058 an
1125 3004 1181 3059 den
1198 3003 1275 3058 alten
1289 3000 1373 3056 Bnnd

198 3076 302 3131 adsunt
334 3077 501 3145 dcsmdrmt;
536 3076 566 3130 in
601 3075 681 3132 Gaee.
711 3084 758 3134 11:
813 3077 864 3132 der
883 3075 1054 3131 latinischen
1068 3075 1176 3131 Stadte.
1201 3075 1241 3129 Zn
1260 3072 1373 3128 Ciceros

197 3147 301 3202 adsum
318 3153 485 3216 quamtum
503 3166 530 3218 p.
546 3147 637 3203 Sulla:
656 3149 760 3205 adsunt
812 3147 875 3203 Zeit
899 3147 1016 3201 dauerta
1044 3147 1173 3201 dassclbc
1200 3145 1261 3201 viar
1282 3144 1372 3215 ‘laga3

198 3218 334 3274 laborant.
813 3219 866 3273 wie
898 3217 946 3273 bei
986 3217 1063 3272 allen
1097 3217 1260 3288 derartigen
1293 3217 1374 3285 feriis

235 3295 259 3344 6.
283 3289 411 3345 delubra
447 3287 575 3345 Delubra
593 3289 761 3347 bezeichnet
809 3290 931 3361 publicat
948 3289 1051 3344 ruhten
1073 3288 1120 3345 die
1139 3288 1291 3344 Gesehtfte
1313 3285 1373 3341 und

197 3359 290 3414 neben
304 3360 404 3430 tentato
417 3359 598 3429 gewohnlieh
611 3360 759 3432 Kapellen.
814 3360 861 3417 die
875 3361 1046 3416 vomcbmen
1055 3361 1161 3416 Romer
1174 3360 1300 3430 pflegtan
1311 3358 1373 3413 sich

197 3430 373 3501 Bigentlich:
392 3432 467 3487 locres
480 3438 544 3488 anta
558 3434 697 3503 mptum,
709 3434 761 3489 obi
814 3430 864 3487 auf
879 3431 941 3487 ihre
959 3431 1110 3487 Landsitzc
1125 3449 1158 3486 zu
1172 3431 1310 3499 begeben,
1324 3446 1373 3483 um

198 3503 759 3647 gogaefflssnguussgofflaggggg
813 3502 1225 3645 iibllddigrddissiibiiaiimdlddfi
1246 3498 1373 3655 idigssd}

198 3645 293 3713 docta
310 3645 360 3700 boc
377 3651 416 3700 est
431 3652 647 3715 apanctotam.
682 3646 759 3703 Serv.
813 3647 971 3717 republica
998 3646 1109 3716 verlegt
1137 3643 1235 3701 Cicero
1263 3643 1372 3714 gleroh-

198 3733 221 3770 z.
235 3716 304 3771 Aen
319 3715 353 3785 11,
364 3722 425 3772 225.
812 3717 879 3773 falls
906 3715 936 3771 in
965 3716 1012 3772 die
1035 3717 1097 3772 Zeit
1125 3717 1176 3773 der
1201 3715 1374 3771 latinischen

236 3793 259 3843 7.
278 3788 378 3856 quibus
395 3802 446 3843 nos
458 3803 632 3858 praecamur.
659 3786 758 3845 Cicero
812 3787 920 3844 Ferien.

199 3858 295 3912 wurde
314 3857 354 3911 im
371 3858 456 3912 Jahre
475 3864 509 3913 63
533 3875 570 3913 an
596 3859 683 3915 Stella
707 3860 758 3916 des
851 3866 892 3916 15.
911 3861 1020 3928 wedre,
1039 3859 1101 3914 aina
1114 3859 1283 3928 halbrunde,
1301 3875 1373 3914 vom

198 3927 246 3983 bei
282 3927 403 3984 Carrhae
439 3930 601 4001 gefallenan
634 3930 672 3989 M.
699 3931 758 3988 Lio.
813 3931 904 3988 offerre
930 3931 1026 4000 Helle,
1059 3930 1112 3986 mit
1144 3931 1222 3986 einer
1253 3946 1290 3984 an
1317 3930 1373 3984 den

199 3997 315 4055 Crassus
334 3999 365 4055 in
388 4000 439 4055 das
467 4001 522 4056 seit
540 4000 620 4056 Sulla
646 4019 696 4057 aus
724 4008 758 4059 1⁶
812 4002 944 4058 wanden
957 4002 1210 4057 herumlaufenden
1224 3999 1370 4071 Sitareihe,

198 4071 381 4142 Mitgliedern
406 4072 579 4128 bestehenda
596 4072 760 4145 Kollegium
813 4072 1373 4144 vorzuglichelsKonrersationszimmer

200 4145 250 4199 der
280 4145 397 4214 Argum
434 4142 484 4199 auf
512 4144 679 4201 Lebenszeit
710 4161 758 4216 ge·
813 4145 1373 4216 benutat.Vitruv.V,11=const2tuantur

200 4215 295 4270 wahlt.
813 4218 1104 4287 mensurationes
1112 4217 1227 4273 raedae
1236 4216 1373 4286 maioma

236 4293 278 4342 12.
314 4286 391 4413 efud
422 4286 452 4344 0.
479 4285 586 4343 Oetam
616 4281 663 4342 ‘in
694 4286 761 4343 dem
813 4290 939 4345 habentes
972 4290 1058 4358 sedes,
1090 4289 1122 4344 in
1155 4289 1256 4358 qartus
1281 4286 1372 4357 ptolo-

199 4357 293 4412 Hause
345 4374 375 4414 es
403 4353 509 4414 Gotta'.
549 4356 638 4414 Nicht
669 4357 760 4415 selten
813 4360 904 4431 copti,
930 4360 1047 4415 rtetorca
1063 4360 1225 4430 reliquique,
1245 4360 1294 4429 qai
1315 4363 1372 4414 stu-

200 4428 277 4485 steht
300 4428 384 4485 dabei
406 4430 480 4488 noch
502 4431 535 4485 in
552 4430 666 4487 adibus
691 4431 760 4487 oder
814 4432 869 4488 diis
887 4432 1069 4501 arcemur,
1086 4432 1175 4488 reden
1188 4431 1304 4501 meant.
