3017 4800
214 271 258 336 60
596 264 645 318 nn
664 263 818 318 nanum
836 261 1001 318 neonuu.

213 452 274 495 res
298 429 455 494 videtur
478 423 706 494 obscurior’.
744 425 808 492 Sed
827 425 1028 492 Simonidem
1046 427 1190 492 arbitror
1208 425 1396 514 (nonenim
1507 504 1508 521 ,

213 523 313 603 poeta
336 518 443 583 solum
467 517 588 602 suavis,
611 539 723 582 verum
747 517 848 581 etiam
872 517 1038 601 ceteroqui
1061 516 1177 582 doctus
1197 517 1396 602 sapiensque
1507 524 1508 543 ¹

215 603 378 693 traditur),
402 606 479 692 quia
501 607 606 671 multa
627 605 779 673 venirent
795 606 832 670 in
850 609 993 670 mentem
1012 610 1108 671 acuta
1131 611 1229 691 atque
1248 606 1395 691 subtilia,

214 697 433 781 dubitantem,
457 695 535 780 quid
559 717 671 760 eorum
694 699 782 760 esset
799 695 1021 779 verissimum,
1048 694 1239 779 desperasse
1262 717 1396 760 omnem
1507 722 1508 735 ¹

162 800 194 849 61
214 785 395 850 veritatem.
441 784 604 869 Epicurus
629 806 707 849 vero
736 789 812 849 tuus
841 781 931 870 (nam
950 806 1024 849 cum
1042 784 1101 849 illo
1120 784 1208 849 malo
1232 785 1394 850 disserere
1416 803 1434 845 s

215 897 313 960 quam
327 871 450 959 tecum)
474 873 552 958 quid
575 873 668 957 dicit,
693 873 780 958 quod
802 895 870 939 non
901 872 999 938 modo
1022 872 1233 958 philosophia
1256 873 1395 960 dignum

215 968 314 1048 esset,
345 962 400 1028 sed
432 962 587 1027 mediocri
609 962 805 1046 prudentia?

250 1157 252 1159 ,
306 1086 481 1163 Quaeritur
502 1086 646 1171 primum
668 1087 705 1151 in
727 1109 766 1151 ea
788 1086 992 1172 quaestione,
1021 1109 1103 1171 quae
1131 1091 1182 1152 est
1209 1088 1248 1151 de
1275 1090 1397 1151 natura
1507 1110 1508 1171 q

216 1177 364 1260 deorum,
387 1176 495 1241 sintne
520 1175 553 1239 di
574 1198 676 1240 necne
701 1176 777 1240 sint.
822 1175 967 1240 Difficile
991 1172 1042 1241 est
1063 1197 1193 1263 negare.
1232 1172 1346 1260 Credo,
1365 1175 1396 1240 si
1508 1255 1509 1260 ἵ

215 1267 251 1330 in
274 1265 426 1330 contione
455 1269 644 1350 quaeratur,
677 1266 733 1330 sed
761 1264 797 1328 in
823 1264 920 1329 huius
954 1264 1042 1329 modi
1075 1287 1223 1330 sermone
1258 1268 1291 1329 et
1321 1286 1397 1329 con·
1418 1285 1449 1325 10

216 1377 309 1420 sessu
335 1353 537 1418 facillimum.
585 1355 700 1439 Itaque
730 1375 792 1440 ego
815 1354 886 1439 ipse
908 1353 1070 1438 pontifex,
1094 1354 1151 1439 qui
1180 1352 1396 1418 caerimonias
1508 1399 1509 1432 3

216 1443 457 1529 religionesque
479 1442 627 1528 publicas
657 1443 863 1508 sanctissime
895 1442 1032 1507 tuendas
1070 1442 1227 1528 arbitror,
1260 1442 1290 1507 is
1322 1442 1398 1528 hoc,
1508 1437 1509 1482 1

217 1532 304 1618 quod
326 1532 469 1616 primum
493 1536 557 1617 est,
584 1554 655 1597 esse
688 1533 780 1617 deos,
810 1531 999 1616 persuaderi
1028 1531 1110 1595 mihi
1141 1553 1208 1596 non
1241 1531 1398 1616 opinione

217 1623 337 1706 solum,
361 1621 417 1686 sed
436 1621 535 1685 etiam
554 1621 595 1686 ad
613 1621 787 1686 veritatem
800 1621 897 1705 plene
910 1620 1017 1685 velim.
1058 1619 1165 1685 Multa
1178 1620 1265 1685 enim
1285 1642 1398 1685 oecur-

216 1715 307 1795 nmt,
353 1733 436 1795 qnae
483 1710 693 1795 conturbent,
743 1714 781 1774 ut
821 1709 986 1774 interdum
1030 1709 1115 1774 nulli
1156 1731 1226 1788 esse
1267 1709 1400 1774 videan-
1419 1731 1447 1773 rs

164 1812 198 1863 62
218 1804 280 1865 tur.
328 1797 391 1865 Sed
413 1798 500 1884 vide,
523 1821 622 1883 quam
645 1802 754 1864 tecum
773 1820 869 1885 agam
892 1798 1187 1884 liberalite13quae
1211 1798 1399 1863 communia
1508 1797 1509 1860 l

218 1892 296 1953 sunt
309 1887 403 1953 vobis
423 1910 497 1952 cum
512 1888 628 1953 ceteris
642 1887 863 1972 philosophis,
877 1909 944 1952 non
958 1887 1135 1975 attingam,
1149 1892 1187 1952 ut
1199 1887 1398 1972 hocipsum3
1508 1899 1509 1994 q

217 1977 326 2062 placet
357 1976 443 2041 enim
474 1976 625 2042 omnibus
656 1975 723 2041 fere
753 1975 899 2061 mihique
926 1976 991 2060 ipsi
1018 1977 1054 2041 in
1076 1976 1190 2061 primis
1214 1976 1291 2041 deos
1316 1998 1397 2041 esse.
1508 2037 1509 2050 ,

218 2066 335 2150 Itaque
358 2070 425 2130 n'on
447 2087 573 2151 pugn03
605 2065 769 2130 rationem
792 2070 903 2130 tamen
926 2088 1011 2151 eam,
1035 2088 1117 2150 quae
1141 2088 1160 2130 a
1183 2070 1216 2130 te
1240 2064 1399 2150 adfertur,

255 2389 279 2439 8.
290 2383 413 2439 truditur
429 2399 467 2437 ec.
481 2383 574 2451 faisse.
590 2380 780 2452 Dergleichen
833 2383 883 2438 boc
896 2383 973 2450 doce,
988 2383 1093 2439 doleam
1101 2399 1184 2438 aecrw
1192 2382 1312 2452 dabam,
1325 2383 1400 2438 arbit

218 2453 346 2524 Ellipsen
379 2454 429 2510 der
460 2452 695 2509 Infinitivformen
723 2470 781 2508 von
834 2455 967 2509 interesse.

218 2524 353 2582 amasind
362 2524 410 2580 bei
420 2523 525 2594 Cicero,
536 2542 593 2580 von
604 2526 659 2580 den
666 2523 781 2580 Briefen
872 2532 913 2581 10.
932 2526 1115 2581 inconcione.
1143 2524 1208 2595 Vgl.
1231 2525 1267 2580 de
1286 2524 1344 2580 div.
1360 2525 1398 2593 Π,

219 2597 392 2667 abgesehen,
426 2596 557 2651 ziemlich
590 2597 688 2651 selten.
736 2595 781 2649 An
835 2600 883 2650 28:
900 2597 953 2651 soli
966 2612 1070 2664 sumac,
1083 2597 1145 2652 licet
1155 2614 1248 2651 caum
1258 2598 1400 2665 inquirere

218 2684 334 2723 unserer
360 2667 448 2723 Stella
474 2667 513 2722 ist
538 2666 665 2723 dieselbe
692 2666 782 2721 durch
835 2669 895 2723 nac
913 2668 1022 2722 invidia
1039 2667 1076 2736 (d.
1087 2668 1116 2721 h.
1131 2667 1205 2723 ohne
1219 2667 1250 2721 in
1264 2668 1320 2721 den
1328 2666 1399 2721 Ver·

219 2740 270 2794 das
290 2739 409 2795 Streben
431 2738 505 2794 nach
522 2738 614 2794 Klima
632 2737 782 2794 innerhalb
837 2737 1398 2809 dachtderGottlosigkeitzukommen),
1507 2765 1508 2784 2

159 2857 162 2864 .
219 2812 270 2866 der
287 2810 459 2866 Parenthese
477 2808 634 2866 veranlallt.
835 2811 1399 2879 mihipraesertimdeplerisqcedabitacti.
1507 2815 1508 2820 ’

255 2888 280 2938 6.
308 2900 367 2938 coa
395 2883 473 2938 modo
499 2914 533 2923 —
560 2883 607 2938 ced
637 2878 697 2934 ‘ich
719 2880 781 2934 will
872 2887 913 2936 11.
928 2883 1063 2951 pontifex.
1094 2879 1152 2935 Das
1172 2881 1227 2935 seit
1245 2880 1325 2935 Sulla
1344 2897 1397 2934 ans
1507 2911 1508 2960 3

218 2953 301 3009 nicht
325 2970 425 3023 sagon,
454 2954 576 3007 sondern
604 2953 678 3007 auch
704 2947 779 3007 nur’.
836 2958 868 3007 lb
891 2951 1073 3021 Mitgliedern
1101 2951 1273 3006 bestehende
1301 2951 1399 3006 Kolle·
1507 2969 1508 2992 ¹

219 3024 318 3079 Dieses
333 3022 419 3078 ‘auch
437 3020 501 3078 nnr’
521 3023 592 3078 wird
610 3022 779 3077 condicere
834 3023 912 3093 gium
931 3023 981 3077 der
995 3025 1140 3093 pontifices
1155 3024 1234 3079 hatte
1250 3022 1296 3077 die
1311 3022 1399 3078 Ober-

219 3095 267 3150 bei
294 3112 352 3150 aon
376 3095 455 3150 modo
481 3124 514 3136 —
540 3096 587 3149 sed
614 3095 686 3148 auch
705 3094 780 3148 noch
834 3093 960 3148 aufsicht
977 3094 1048 3149 fiber
1066 3094 1122 3148 den
1140 3093 1325 3149 offentlichen
1338 3093 1400 3148 und

218 3167 372 3222 besonders
395 3165 598 3236 ausgedrdckt,
624 3165 682 3218 und
706 3182 780 3218 zwar
833 3164 966 3235 privaten
994 3165 1198 3221 Gottesdienst.
1239 3165 1302 3219 Den
1325 3164 1400 3220 Vor·
1508 3200 1509 3223 r

220 3237 364 3293 entweder
379 3237 468 3290 durch
478 3237 600 3304 omnino,
613 3235 667 3290 wie
677 3236 725 3304 ΙΙΙ,
736 3242 779 3305 41,
837 3235 889 3290 sitz
910 3235 951 3290 im
964 3235 1128 3306 Kollegium
1145 3237 1240 3291 fdhrte
1260 3236 1310 3291 der
1324 3253 1399 3307 pon-
1508 3262 1509 3301 p

219 3327 247 3380 p.
262 3307 373 3374 Quinct.
391 3313 424 3363 Π
434 3328 440 3360 :
466 3308 535 3363 mebi
553 3308 720 3376 perdifficile
743 3314 782 3363 est
835 3309 906 3376 tifex
923 3309 1069 3363 maximus.

219 3386 315 3438 eontra
325 3381 391 3435 tales
400 3379 667 3435 actorescoamodc
674 3383 782 3434 tcatcm
871 3384 913 3434 12.
934 3381 958 3434 ic
973 3375 1043 3433 ‘ich'
1059 3378 1161 3442 nimmt
1174 3380 1249 3434 nach
1263 3379 1329 3434 dem
1342 3379 1399 3433 Re·

220 3468 332 3508 causam
340 3467 481 3522 perorare,
496 3449 542 3505 ced
551 3450 662 3504 omuino
671 3452 781 3505 verbam
834 3449 981 3505 lativsatze
991 3451 1041 3504 das
1052 3450 1229 3520 persbnliche
1238 3449 1402 3505 Pronomen

218 3525 308 3592 faeere
330 3523 427 3579 conari
463 3521 532 3576 oder
551 3520 673 3575 seltener
691 3521 781 3576 durch
834 3520 941 3577 wieder
955 3521 1010 3576 auf.
1039 3521 1081 3575 De
1094 3520 1162 3592 imp.
1178 3520 1225 3576 Cn.
1236 3521 1334 3592 Pomp.
1349 3527 1399 3577 55:
1508 3544 1509 3591 j

219 3596 310 3662 dmm,
324 3592 378 3647 wie
391 3612 419 3664 p.
430 3563 522 3647 lleiot.
534 3598 580 3647 15:
595 3598 673 3647 tacto
686 3593 781 3648 scetere
834 3592 904 3662 Nos,
918 3609 1034 3663 queram
1046 3594 1163 3649 maiores
1176 3594 1343 3649 Antiochum
1357 3609 1399 3648 re·
1508 3604 1509 3613 ¹

218 3682 276 3721 coc
284 3666 363 3720 modo
370 3665 500 3734 perfecto,
509 3665 556 3719 sed
563 3664 645 3719 etiam
656 3665 780 3735 copitato.
835 3681 893 3735 pem
907 3665 991 3719 clusa
1004 3670 1171 3734 superarunt
1185 3695 1218 3706 —
1233 3666 1258 3719 ii
1275 3666 1353 3720 callo
1367 3665 1400 3719 ia

219 3735 354 3807 anila
374 3736 489 3792 adeius
506 3752 563 3790 coc
578 3736 782 3790 cwdcsalatem
836 3736 963 3792 tacciam
978 3737 1166 3805 praedonibus
1175 3752 1259 3806 porco
1272 3752 1327 3791 csse
1336 3741 1399 3806 pot·
1507 3793 1508 3812 ,

220 3808 454 3878 exstupueadam,
484 3808 531 3862 sed
557 3807 638 3861 etiam
665 3807 782 3878 pieriam
836 3822 951 3862 naeuus

219 3879 435 3949 insrtnpeadum.
455 3883 587 3947 -esset,
611 3893 710 3947 wegen
733 3877 783 3932 der
874 3883 916 3932 14.
940 3878 978 3933 ad
1001 3880 1153 3946 veritatem,
1177 3878 1228 3933 der
1250 3877 1400 3932 Wahrheit

220 3965 329 4005 consec.
343 3951 429 4019 temp.
444 3966 466 4004 s.
481 3954 496 4015 ς
511 3955 546 4005 39
565 3966 587 4005 a.
601 3951 722 4018 flacceat.
837 3953 951 4018 gemm,
968 3948 995 4004 d.
1006 3948 1033 4002 h.
1049 3949 1139 4003 durch
1153 3949 1208 4003 den
1222 3948 1332 4004 Beweis
1348 3948 1400 4004 der

256 4026 281 4076 8.
298 4022 331 4076 ic
344 4037 376 4076 ea
389 4022 554 4089 quaestione,
569 4037 638 4089 quac
652 4025 700 4089 est,
714 4037 735 4074 s.
746 4019 781 4089 ll,
837 4019 995 4074 Wahrheit.
1024 4020 1081 4074 Das
1100 4019 1233 4091 folgende
1248 4022 1334 4091 plum
1348 4037 1398 4090 ge·

221 4098 254 4147 'lt
282 4111 305 4147 z.
329 4093 365 4147 ab
393 4109 425 4146 ec
452 4093 573 4159 ratione,
601 4109 670 4161 quae
697 4092 779 4146 docet.
833 4092 902 4145 hort
915 4109 948 4145 zu
961 4091 1047 4147 celim.
1076 4090 1140 4161 Vgl.
1154 4092 1190 4145 ad
1205 4093 1264 4147 Att.
1276 4091 1324 4159 XI,
1335 4097 1397 4157 9‚s:

256 4169 280 4219 9.
295 4179 378 4219 aecae
391 4164 455 4219 siat.
483 4162 535 4216 Bei
549 4178 631 4217 aecae
644 4161 714 4216 wird
730 4161 780 4215 das
834 4168 869 4229 te,
878 4164 1064 4232 utpollioeria
1078 4164 1278 4233 cidereploce
1290 4164 1397 4219 velim.

220 4234 344 4290 Verbum
358 4235 497 4288 nurdann
507 4232 684 4301 wiederholt,
699 4249 782 4287 wenn
835 4233 873 4288 ib.
887 4233 961 4301 XVI,
975 4240 999 4301 6,
1012 4250 1038 4288 a:
1056 4251 1113 4289 noa
1130 4236 1205 4290 debet
1222 4251 1334 4305 aspere,
1352 4235 1401 4289 sed

220 4305 631 4361 aufdaszweiteGliedderDo
654 4303 780 4373 pelfrage
835 4311 926 4360 tamea
953 4306 979 4359 ei
1005 4321 1109 4374 qaoque
1135 4307 1266 4373 satisfieri
1293 4307 1400 4376 place

220 4376 265 4432 ein
290 4377 461 4432 besonderer
486 4322 659 4431 Nachdrnclr
684 4373 782 4443 gelegt
835 4374 1399 4457 colo.ib.Xlll‚14‚1:ide90plaaecolc.
1507 4409 1508 4456 3

219 4448 332 4504 werden
342 4449 404 4507 soll.
419 4445 781 4518 Vgl.IIl,17.Tusc.ll,29:
874 4452 915 4502 15.
933 4448 1007 4503 calli
1023 4447 1195 4519 ‘uberhaupt
1212 4444 1320 4504 keine’.
