3017 4800
483 225 930 298 LIB.1fl.0ep.e-s.§r=-11.
1232 234 1294 299 191

116 412 181 476 que
200 413 273 456 mea
291 390 456 456 sententie
474 389 608 455 minime
627 390 760 457 dubiam
779 393 1038 478 argumentando
1056 393 1189 459 dubiam
1204 394 1295 460 fecis.

115 479 272 545 Mendevi
295 479 382 544 enim
406 479 582 545 memoriae
604 502 672 545 non
693 504 866 546 numerum
890 483 1016 568 solum,
1040 483 1220 550 sedetiam
1244 507 1295 549 or·

116 568 228 634 dinem
264 574 533 655 argumentorum
569 573 710 635 tuorum.
765 570 911 636 Primum
946 570 1024 658 fuit,
1061 595 1135 638 cum
1171 574 1296 638 caelum

116 658 390 743 suspexissemus,
427 658 542 723 stetim
577 680 638 723 nos
675 659 866 746 intellegere
899 683 969 726 esse
1002 661 1135 747 aliquod
1165 684 1296 746 numen,

85 767 185 833 sque
209 746 289 812 haec
312 752 478 834 regantur.
522 747 573 812 Ex
595 747 659 813 hoc
681 748 764 813 illud
786 749 899 814 etiarn:

114 864 123 875 ’
208 849 353 957 dspice
380 871 451 938 hoc
479 871 648 937 sublime
672 873 852 960 candens,
876 897 986 960 quem
1008 871 1194 940 invocent
1217 898 1294 940 om·

977 966 1045 1029 nis
1069 963 1206 1030 lovem.

118 1084 222 1162 Quasi
244 1108 320 1151 vero
344 1086 518 1172 quisquam
536 1090 686 1153 nostrum
704 1087 807 1153 istum
824 1088 936 1172 potius
955 1111 1054 1174 quam
1073 1086 1295 1173 Capitolinum
1315 1102 1347 1151 11

115 1176 230 1241 Iovem
249 1176 392 1260 appellet
410 1181 467 1240 aut
484 1176 548 1242 hoo
566 1176 775 1261 perspicuum
794 1177 838 1242 sit
857 1181 1049 1263 constetque
1067 1178 1155 1242 inter
1173 1200 1295 1262 omnes,

117 1287 173 1330 eos
194 1286 276 1329 esse
305 1265 396 1349 deos,
426 1287 508 1350 qnos
536 1265 599 1331 tibi
622 1265 767 1332 Velleius
791 1266 951 1352 multique
973 1272 1144 1353 praeterea
1165 1288 1207 1331 ne
1230 1266 1297 1331 ani·

70 1372 98 1412 10
116 1357 245 1418 mentes
283 1353 414 1438 quidem
450 1377 521 1420 esse
554 1356 739 1421 concedent.
796 1353 902 1421 Grave
934 1356 1033 1421 etiam
1066 1359 1295 1442 argumentum

117 1442 182 1507 tibi
204 1442 388 1527 videbatur,
417 1444 503 1528 quod
538 1444 648 1528 opinio
672 1445 711 1510 de
735 1445 784 1510 dis
807 1444 1049 1511 immortalibus
1083 1448 1116 1509 et
1149 1443 1296 1510 omnium

118 1536 206 1598 esset
229 1535 263 1596 et
285 1530 406 1597 cotidie
430 1537 598 1598 cresceret.
649 1532 762 1598 Placet
789 1533 893 1619 igitur
921 1538 1031 1599 tentes
1059 1555 1112 1598 res
1141 1533 1294 1618 opinione

117 1621 298 1693 stultorum
315 1620 465 1707 indicari,
497 1622 590 1687 vobis
622 1622 831 1707 praesertim,
863 1622 920 1707 qui
951 1623 1026 1689 illos
1058 1623 1191 1687 insanos
1224 1643 1295 1686 esse

116 1709 260 1775 dicetis?
304 1709 352 1774 At
375 1710 462 1775 enim
479 1716 668 1796 praesentes
687 1711 833 1776 videmus
853 1711 945 1797 deos,
967 1716 1005 1776 ut
1024 1711 1110 1796 epud
1127 1710 1295 1797 Regillum
1313 1716 1335 1781 5

72 1819 99 1860 rs
118 1798 321 1883 Postumius,
339 1799 375 1863 in
394 1798 519 1865 Salaria
529 1799 698 1885 Vatinius3
715 1799 827 1866 neseio
846 1800 925 1886 quid
943 1800 1043 1866 etiam
1062 1801 1101 1865 de
1115 1798 1295 1866 Locrorum

118 1889 205 1972 apud
229 1886 367 1975 Sagram
389 1889 524 1973 proelio.
571 1887 660 1965 Quos
683 1889 787 1976 igitur
810 1893 848 1955 tu
870 1888 1072 1975 Tyndarides
1095 1889 1294 1975 appellabas,

117 1977 152 2042 id
175 1981 226 2043 est
248 1977 397 2043 homines
421 1978 553 2044 homine
580 1984 691 2064 natos,
720 1983 753 2044 et
782 2001 863 2064 quos
891 1979 1070 2064 Homerus,
1098 1979 1154 2064 qui
1172 2001 1294 2053 ‚recens

156 2207 470 2277 1.remarpemeataado
479 2207 678 2275 dubiamfacis.
735 2206 904 2262 schlielllieh
921 2206 986 2277 J‘ene
1005 2223 1096 2263 omnes
1116 2206 1294 2262 eusmaehen.

118 2276 237 2331 Ptoolus
264 2296 287 2332 a.
317 2277 389 2332 Plet.
417 2277 491 2333 Tim.
518 2296 545 2348 p.
569 2284 636 2334 41s:
664 2275 680 2334 d
734 2278 762 2336 S.
778 2280 854 2347 Lae.

117 2346 214 2405 πάντα
224 2344 410 2404 ἀποδεικτικαὶ
419 2347 575 2420 νενομικὼς
588 2346 679 2421 αὐτὴν
770 2350 1057 2409 iasaaoeeeeedieats.
1073 2348 1129 2407 eie.
1140 2349 1293 2405 Peredlvz

119 2418 239 2491 μάλιστα
257 2418 312 2511 τὴν,
327 2417 476 2487 ἀπόδειξιν
495 2417 616 2493 ἀναιρεῖ.
734 2418 778 2478 ὅτι
795 2425 852 2486 πᾶς
871 2418 972 2492 ἄφρων
992 2424 1131 2493 μαίνεται.
1150 2421 1208 2476 Der
1222 2422 1291 2477 Vor-

155 2498 179 2547 5.
198 2493 265 2547 saec
296 2491 374 2546 diese
392 2488 491 2547 Welt'.
733 2494 809 2547 wurf
820 2495 870 2549 des
885 2493 969 2549 Cotta
982 2493 1021 2548 iet
1034 2492 1115 2547 nicht
1128 2493 1293 2562 ungerecht·

154 2569 180 2618 6.
198 2564 298 2633 Aspice
317 2565 371 2617 etc.
409 2562 558 2631 S.z.11,4.
733 2565 842 2635 fertigt.

154 2640 179 2689 7.
200 2635 288 2705 Quodsi
304 2650 366 2690 vero
384 2636 528 2704 quiqam
543 2637 597 2690 etc.
615 2635 679 2690 Dell
770 2641 813 2691 14.
823 2638 862 2692 As
875 2636 957 2702 enim,
967 2633 1014 2689 ein
1024 2633 1209 2689 Einwurfdes
1220 2633 1293 2689 Ake-

116 2706 169 2760 ‹ler
193 2705 281 2775 grolle
305 2705 397 2772 Heule
424 2705 470 2760 die
495 2706 680 2778 Vorstellung
734 2705 1292 2762 demihersensdemSinnedesStoikers.

116 2794 174 2831 von
202 2777 253 2830 der
279 2776 410 2831 Gottheit
432 2776 514 2832 nicht
540 2795 596 2833 von
623 2778 679 2832 den
771 2785 812 2835 15.
832 2781 864 2833 in
891 2778 1011 2834 Selom
1055 2776 1108 2831 Die
1134 2775 1294 2831 Salzetralle

116 2847 236 2902 Bildern
259 2847 407 2902 derselben
427 2867 461 2902 nu
480 2850 600 2904 trennen
618 2864 678 2904 ver·
732 2850 827 2904 fflhrte
848 2866 902 2903 von
915 2849 987 2903 Rom
1005 2848 1036 2902 in
1050 2849 1101 2901 des
1115 2846 1294 2914 Sebinisch03

116 2919 244 2987 mochte,
272 2918 355 2973 derin
385 2918 437 2974 het
468 2918 552 2975 Cotta
578 2921 679 2976 Recht.
734 2920 775 2975 sie
798 2922 895 2975 wurde
922 2936 953 2974 so
981 2921 1118 2989 genennt,
1151 2918 1216 2973 weil
1247 2919 1294 2974 die

117 2990 182 3044 Dan
208 3006 238 3044 es
264 2989 332 3045 eber
358 2990 485 3046 deneben
514 2991 588 3047 viole
614 2992 679 3062 gab,
734 2991 855 3047 Sebiner
872 2991 924 3045 auf
939 2991 1089 3045 derselben
1106 2990 1152 3044 ihr
1166 2989 1229 3045 Sele
1243 3007 1294 3045 aue

117 3061 165 3116 die
184 3060 292 3115 reinere
312 3061 444 3132 religiose
459 3062 623 3117 Vorstellun
644 3079 680 3117 en
734 3063 790 3117 den
818 3062 933 3118 Salinen
958 3079 1014 3117 von
1041 3061 1122 3117 Ostia
1147 3079 1182 3115 zu
1208 3062 1295 3116 holen

116 3132 257 3200 besellen,
289 3131 329 3186 ist
359 3133 578 3190 unaweifelhuft.
653 3133 680 3188 ie
733 3136 867 3205 pflegten.
890 3164 924 3175 -
948 3121 1023 3188 liber
1050 3132 1210 3188 Postumius
1236 3133 1294 3187 und

116 3203 240 3258 Ansicht
266 3205 317 3258 der
351 3204 488 3260 letzteren
525 3205 606 3275 giebt
641 3205 681 3259 im
737 3206 868 3260 Vatinius
887 3223 908 3261 s.
923 3223 944 3260 a.
959 3205 994 3272 Il,
1006 3211 1030 3260 6.

118 3274 309 3345 allgemeinen
341 3275 449 3331 Seneca
482 3276 588 3332 wieder
622 3279 680 3332 net.
770 3278 803 3333 de
826 3310 859 3318 —
874 3277 980 3347 proelio
1004 3293 1042 3331 sc.
1061 3282 1204 3333 semotim.
1240 3275 1293 3331 Die

118 3347 229 3415 quaest.
248 3347 341 3415 11,ss=
360 3347 405 3402 Ne
422 3349 472 3403 hoc
495 3349 603 3418 quidem
626 3365 680 3404 cre-
734 3348 842 3419 Ellipse
870 3349 919 3403 des
947 3348 1099 3415 Verbnms,
1131 3364 1179 3400 um
1211 3349 1294 3401 resch

118 3419 263 3485 diderint,
286 3411 394 3485 Iovem,
417 3420 523 3488 qualem
547 3421 579 3474 ia
598 3419 680 3492 Capi·
734 3419 805 3474 fiber
837 3419 918 3475 einen
951 3418 1132 3488 Gegenstand
1168 3417 1293 3487 hinweg·

117 3490 185 3545 tolio
204 3496 229 3543 et
246 3490 279 3543 ia
304 3492 398 3545 ceteris
422 3491 537 3546 sedilias
557 3492 681 3559 colimus,
735 3491 871 3561 angeheri,
887 3490 951 3544 dem
965 3489 1050 3545 Cotta
1062 3489 1156 3558 wenig
1165 3488 1295 3543 Gewicht

117 3562 224 3618 mittere
240 3577 328 3615 mana
344 3561 479 3629 femiae,
498 3562 544 3617 sed
557 3564 679 3630 eundern
735 3563 837 3629 (nescio
851 3563 930 3632 quid)
949 3560 1007 3633 und
1030 3559 1294 3630 Glaubwr'irdigheit

117 3648 196 3702 quem
208 3646 268 3698 nos,
277 3630 371 3687 Jovem
380 3633 540 3704 intellegent
552 3640 680 3689 rectornn
732 3631 863 3688 heimiilt.

118 3704 306 3771 eamdemque
330 3705 465 3772 universi,
495 3705 620 3760 animem
646 3721 681 3761 cc
770 3705 1071 3773 neumasiensi.
1086 3702 1184 3771 nez.
1199 3702 1295 3760 eaeor

117 3775 249 3843 spiritum
267 3775 378 3843 menidi,
397 3776 486 3844 operis
498 3776 582 3831 teias
594 3777 678 3831 (10111-
733 3782 759 3831 et
776 3776 883 3831 Pollex.

117 3862 187 3899 mm
204 3851 229 3900 et
246 3847 395 3913 artificem,
418 3848 465 3902 cei
481 3862 580 3902 nomen
603 3864 681 3903 omne
769 3863 861 3903 reeens
878 3848 924 3914 ab,
943 3846 997 3916 eig.
1021 3845 1109 3901 frisch
1126 3863 1184 3901 von
1207 3847 1294 3900 etwas

118 3917 251 3972 mevenit.
733 3934 810 3987 weg,
830 3918 857 3972 (1.
878 3917 896 3971 i.
912 3916 1109 3972 ‘unmittelber
1134 3912 1230 3984 neoh',
1263 3933 1294 3971 so

154 3988 239 4043 mam
266 4019 300 4029 -
405 3989 451 4044 ilat
486 3985 530 4043 ‘so
568 4004 680 4044 nennen
734 3988 792 4043 dell
810 3989 870 4044 elso
889 3989 994 4045 Homer
1011 3987 1107 4059 gleieh
1124 3987 1155 4042 in
1173 3986 1220 4041 die
1234 3986 1295 4041 Zeit

117 4057 328 4129 mochte'.Vgl.
361 4058 411 4114 hil.
422 4059 497 4126 XIII,
508 4066 558 4114 22:
573 4060 681 4131 adper-
734 4060 810 4115 nach
846 4060 911 4114 dem
951 4059 1155 4130 Trojanischen
1190 4057 1294 4126 Kriege

119 4134 195 4185 tuce!
212 4147 290 4199 quem
307 4133 419 4186 euimte
432 4133 529 4201 potius
542 4134 680 4202 appellem.
736 4133 847 4202 gesetzt
864 4131 944 4189 wird.
981 4132 1026 4184 An
1044 4130 1168 4185 anderen
1187 4128 1294 4183 Stellen

156 4207 181 4256 9.
210 4218 254 4257 eos
280 4219 335 4259 esse
353 4204 428 4270 deos,
453 4202 499 4256 die
517 4202 596 4258 Welt
623 4204 682 4258 und
734 4201 916 4274 folgtCicero
936 4203 986 4257 der
999 4203 1122 4257 anderen
1137 4199 1293 4269 Tradition,

118 4271 166 4326 die
184 4271 323 4329 Gestirne.
734 4274 843 4329 welche
882 4274 987 4329 Homer
1022 4290 1056 4327 an
1092 4272 1184 4327 einem
1220 4270 1294 4325 Zeit-

157 4346 467 4400 reconnaissent.
505 4343 570 4416 Vgl.
584 4346 622 4414 11,
633 4352 658 4402 1.
734 4361 874 4414 genossen
910 4345 960 4401 des
1000 4343 1148 4414 Lykurgos
1189 4342 1294 4399 mecht.

156 4421 199 4471 13.
217 4417 380 4484 deltarum,
403 4416 511 4471 welche
533 4417 592 4472 fest
618 4433 680 4471 aus·
733 4417 814 4472 Tuso.
830 4416 863 4485 V,
875 4422 899 4471 7.
