3017 4800
465 190 533 246 LIB.
547 191 580 247 ΙΙ.
596 190 674 247 ΟΑΡ.
689 196 803 248 63-66.
822 197 837 258 ἓ
853 197 1001 249 roe-163.
1259 196 1322 263 183

139 355 247 420 nostri
283 375 422 440 augures
459 355 639 439 appellant,
674 377 784 419 rerum
821 355 1086 441 augurandarum
1119 377 1218 422 causa
1250 378 1322 422 6666

139 449 235 509 16666
253 449 417 527 putamus.
454 443 525 508 Iam
543 466 620 509 vero
638 444 798 510 immanes
819 448 852 508 et
870 443 957 509 feras
974 444 1086 510 beluas
1099 445 1319 512 nanciscimur
1332 457 1382 507 161

140 533 303 616 venando,
335 537 373 597 ut
405 537 439 596 et
470 555 640 599 vescamur
671 533 712 597 iis
746 537 780 597 et
812 555 1018 599 exerceamur
1050 534 1085 598 in
1107 535 1256 600 venando
1280 535 1322 600 ad

141 622 391 687 similitudinem
423 621 560 686 bellicae
592 621 784 706 disciplinae
818 627 851 687 et
873 626 1005 687 utamur
1029 623 1161 687 domitis
1186 627 1220 688 et
1243 646 1320 689 con·

107 710 331 797 sdocefactis,
363 714 401 775 ut
433 710 631 796 elephantis,
663 711 831 796 multaque
860 733 1034 776 erearum
1058 711 1249 796 corporibus
1273 734 1322 778 re-

140 801 248 864 media
280 800 403 864 morbis
436 804 470 864 et
501 800 690 866 vulneribus
724 800 906 885 eliciamus,
940 800 1025 867 sicut
1057 823 1097 865 ex
1126 801 1321 886 quibusdam

141 889 301 973 stirpibus
326 894 359 953 et
380 888 506 974 herbis,
534 912 671 974 quarum
694 888 857 954 utilitates
881 889 1054 976 longinqui
1077 890 1235 974 temporis
1258 913 1321 956 usu

141 983 175 1042 et
206 977 448 1062 periclitatione
480 978 694 1063 percepimus.
739 977 857 1044 Totam
889 978 967 1043 lieet
999 978 1117 1044 animis
1150 983 1320 1064 tamquam

141 1067 245 1132 oculis
283 1067 423 1132 lustrare
455 1072 577 1132 terram
609 1067 776 1152 mariaque
809 1067 931 1133 omnia:
969 1090 1081 1133 cernes
1113 1067 1180 1132 iam
1213 1068 1321 1152 spatia

92 1180 121 1219 ro
139 1155 300 1242 frugifera
332 1160 431 1241 atque
462 1156 622 1221 immensa
654 1178 844 1241 camporum
875 1157 1079 1242 vestitusque
1107 1156 1319 1223 densissimos

140 1245 318 1329 montium,
345 1245 506 1330 pecudum
532 1250 662 1330 pastus,
690 1249 762 1310 tum
790 1245 973 1310 incredibili
997 1268 1110 1312 cursus
1134 1245 1319 1311 maritimos

141 1334 319 1399 celeritate.
355 1333 426 1399 Nec
448 1356 525 1399 vero
549 1357 649 1419 supra
671 1339 807 1419 terram,
831 1334 887 1400 sed
910 1335 1010 1400 etiam
1033 1335 1069 1399 in
1091 1335 1228 1400 intumis
1249 1334 1382 1401 6116166

140 1422 286 1488 tenebris
316 1423 531 1508 plurimarum
557 1446 667 1488 rerum
694 1423 777 1488 latet
799 1422 942 1508 utilitas,
973 1446 1055 1508 quae
1078 1425 1119 1489 ad
1142 1447 1239 1489 usum
1261 1423 1319 1489 ho·

140 1511 268 1577 minum
291 1518 364 1577 orta
387 1512 429 1577 ab
452 1511 639 1577 hominibus
664 1511 743 1577 solis
766 1511 941 1577 invenitur.

93 1624 120 1665 rs
230 1601 317 1666 Illud
348 1623 439 1687 vero,
471 1601 559 1687 quod
590 1606 727 1686 uterque
759 1605 905 1665 vestrum
937 1600 1073 1684 arripiet
1103 1600 1245 1665 fortasse
1278 1600 1319 1665 ad
1339 1600 1382 1666 65

139 1690 454 1775 reprehendendum,
477 1688 590 1775 Cotta,
613 1690 690 1775 quia
709 1687 890 1755 carneades
910 1689 1060 1755 lubenter
1078 1688 1252 1755 inStoicos
1272 1688 1320 1753 in·

140 1779 334 1865 vehebatur,
365 1779 524 1865 Velleius,
557 1779 635 1864 quia
664 1778 749 1843 nihil
781 1783 850 1844 tam
881 1778 997 1842 irridet
1024 1778 1187 1862 Epicurus
1220 1799 1319 1863 quam

139 1869 396 1952 praedictionem
433 1891 542 1934 rerum
574 1868 774 1952 futurarum,
811 1866 893 1931 mihi
925 1867 1053 1933 videtur
1084 1867 1136 1932 vel
1168 1889 1318 1932 maxume

141 1957 334 2022 confirmare
366 1958 499 2022 deorum
532 1956 738 2041 providentia
771 1957 898 2021 consuli
928 1957 1025 2021 rebus
1048 1955 1210 2022 humanis.
1255 1956 1319 2021 Est

90 2070 121 2110 ro
141 2047 229 2111 enim
252 2046 401 2133 profecto
425 2046 597 2130 divinatio,
621 2068 704 2131 quae
727 2045 841 2110 multis
861 2045 955 2130 locis,
978 2045 1089 2131 rebus,
1113 2045 1317 2130 temporibus

140 2140 278 2220 apparet
297 2156 371 2199 eum
391 2135 451 2216 [in]
471 2134 609 2219 privatis
624 2140 696 2200 tum
709 2157 860 2199 maxume
874 2134 1024 2220 publicis.
1061 2135 1167 2200 Multa
1181 2138 1381 2199 6611116166

140 2224 345 2309 haruspices,
364 2224 468 2289 multa
487 2246 627 2311 augures
646 2223 832 2308 provident,
851 2225 956 2289 multa
970 2224 1087 2290 oraclis
1103 2223 1318 2308 declarantur,

140 2314 246 2378 multa
264 2313 568 2399 vaticinationibus,
591 2314 696 2378 multa
714 2313 866 2399 somniis,
886 2313 990 2378 multa
1004 2313 1180 2399 portentis,
1200 2312 1318 2399 quibus

141 2403 284 2490 cognitis
307 2404 430 2469 multae
453 2425 549 2488 saepe
566 2426 619 2469 166
638 2425 675 2469 err
691 2403 863 2468 hominum
882 2404 1046 2469 sententia
1059 2407 1158 2487 atque
1172 2403 1318 2468 utilitate

91 2516 120 2556 61
140 2497 269 2578 partae,
296 2494 400 2557 multa
428 2493 528 2557 etiam
554 2492 699 2576 pericula
722 2492 857 2576 depulsa
880 2496 965 2557 6116.
1010 2490 1101 2555 Η666
1123 2491 1227 2577 igitur
1250 2491 1318 2556 sive

139 2582 190 2647 vis
214 2582 282 2646 sire
306 2605 358 2647 ars
383 2582 450 2647 sive
473 2586 592 2647 natura
613 2582 653 2646 ad
672 2581 844 2647 scientiam
862 2602 971 2645 rerum
988 2579 1173 2645 futurarum
1191 2578 1319 2644 homini

176 2816 201 2864 3.
221 2810 259 2864 ad
276 2810 489 2864 simrlilcdiaem
507 2810 618 2864 bellicae
636 2811 703 2864 diac.
758 2807 858 2863 Gliede
876 2806 1007 2879 passand,
1028 2805 1089 2861 6116
1107 2806 1219 2876 h'aufige
1233 2806 1318 2860 Form

138 2880 210 2936 Xen.
244 2879 343 2949 Cyrop.
368 2880 393 2948 Ι,
413 2886 445 2949 2,
463 2895 501 2934 161
535 2875 569 2935 οὐ
602 2878 703 2954 ῥᾴδιον
759 2880 809 2934 des
828 2879 973 2949 Zeugmas.

140 2946 305 3092 6666
735 2946 1319 3076 «1166661661

177 3098 202 3147 a
222 3077 349 3148 realta.
382 3091 548 3147 66666161
563 3092 703 3164 ruspare
758 3093 817 3147 cer
835 3092 1005 3161 rarsorga
1028 3092 1088 3146 aar
1111 3090 1238 3145 caesor
1264 3090 1319 3145 far

141 3164 255 3219 sclcher
268 3163 429 3219 Heilmittel
446 3163 494 3219 bei
508 3164 618 3219 Plinius
632 3183 660 3220 n.
675 3165 702 3220 h.
758 3161 1318 3231 1666661666619666616666.66716

140 3234 234 3301 XXX;
263 3253 294 3290 so
322 3241 338 3301 ξ
365 3240 414 3290 41:
447 3235 539 3291 Umere'
563 3236 703 3291 doloribus
756 3233 1319 3303 16161666661166616,66661361

140 3308 270 3362 mustelae
294 3307 365 3362 61666
393 3324 453 3362 cam
486 3323 548 3362 cera
575 3308 702 3363 medetur.
757 3306 910 3361 6166166
937 3306 991 3359 fv'ir
1018 3306 1083 3359 den
1109 3304 1317 3372 Einaelnen3

141 3382 237 3442 §1222
262 3378 446 3433 Harundines
469 3380 703 3448 ellelaqaaeqae
756 3377 916 3431 niemand
948 3375 1032 3431 wird
1070 3377 1157 3431 ohne
1190 3376 1317 3431 (letter

141 3449 202 3505 alla
220 3450 387 3504 retrahenda
405 3456 471 3504 6666
489 3454 597 3520 corpori
610 3455 701 3505 666666
756 3448 852 3503 Hille
872 3447 928 3501 ein
946 3447 1078 3517 greller
1096 3447 1202 3500 Mann.

140 3536 203 3575 maa
220 3521 351 3576 dissectae
368 3522 521 3589 impositas.
540 3552 574 3561 —
593 3520 703 3591 Wegen
795 3526 837 3576 16.
857 3519 1020 3587 Carneadea,
1039 3536 1060 3574 s.
1075 3517 1148 3575 Einl.
1164 3523 1179 3583 ξ
1198 3524 1240 3573 20.

141 3591 283 3646 eliciamus
302 3609 323 3645 6.
338 3591 386 3659 ΙΙΙ,
399 3598 458 3647 151.
795 3598 836 3647 17.
855 3592 952 3646 irridet
970 3590 1122 3660 Epicurea,
1141 3607 1163 3644 6,
1178 3589 1200 3657 Ι,
1211 3594 1254 3645 56.

143 3670 205 3789 al
218 3662 704 3789 l“llwtltllffifindet
758 3669 837 3788 all·
854 3663 1001 3788 arvite
1015 3657 1180 3787 ‘llaltlffl
1197 3656 1317 3788 llll

180 3812 223 3859 11.
247 3806 385 3876 paredam
411 3812 510 3875 pastas
542 3803 581 3859 ist
606 3804 702 3875 Appo·
757 3805 948 3872 6666666661,
995 3803 1138 3859 61661161
1156 3775 1162 3801 ’
1179 3802 1221 3858 616
1241 3845 1243 3848 .
1262 3803 1318 3858 den

143 3876 230 3931 616161
248 3894 282 3929 zu
299 3878 462 3946 castitasque
479 3878 659 3932 densissimos.
757 3875 863 3930 Willen
882 3876 933 3929 der
951 3874 1051 3929 certer
1074 3891 1124 3930 vor
1150 3875 1242 3930 sainar
1266 3874 1315 3928 Er-

180 3954 222 4003 12.
237 3948 296 4002 Nec
309 3964 371 4003 vero
384 3948 466 4002 nicht
478 3964 528 4003 aec
536 3965 597 4003 vero
606 3949 702 4016 solam,
756 3947 876 4015 fullung.
895 3946 1017 4001 Kv'ihner.

143 4036 191 4072 urn
209 4019 260 4072 das
280 4018 379 4073 aweite
402 4018 485 4072 Glied
508 4019 617 4073 6661661
641 4019 701 4073 her·
792 4011 1317 4085 25.sioe-sire—sioe‘aollichragan

143 4089 335 4158 vorauheben,
369 4089 422 4143 wie
457 4089 534 4144 Lael.
566 4095 618 4145 68:
643 4090 703 4145 Nee
758 4084 1316 4159 -6661-6661(6.1,6666166666-

140 4178 204 4216 6616
222 4163 254 4216 r'a
271 4163 334 4229 lece,
360 4163 432 4231 qaod
456 4168 495 4216 eat
517 4162 632 4228 animal,
657 4162 704 4217 sed
758 4161 852 4229 rippa).
867 4156 1316 4213 116660166166666111611611111-

141 4233 220 4287 16116
229 4234 320 4300 etiam,
334 4249 404 4302 qaae
412 4239 477 4287 66616
490 4233 627 4299 inarime,
641 4248 703 4286 coa
757 4227 1321 4285 ratberuhtdiedlciaatr'oentwederauf

139 4304 343 4360 aaaeaovalrr.
369 4303 434 4373 Vgl.
450 4304 578 4373 dagegen
593 4304 626 4371 ll,
643 4308 702 4357 164.
757 4300 1095 4369 natlirlichchegabung
1110 4301 1316 4367 (somniareti-

180 4380 221 4431 13.
240 4376 315 4443 lutet,
342 4392 396 4430 nur
423 4392 458 4429 zu
489 4375 555 4429 dem
586 4373 704 4428 aweiten
758 4374 919 4442 elaatr'caes)
944 4371 1012 4426 oder
1037 4370 1086 4425 auf
1105 4372 1198 4426 Kunst
1219 4374 1318 4442 (6696·
