3017 4800
220 243 284 308 144
605 237 655 292 ua
674 237 1009 296 aaruanuaoaau.

217 406 269 487 ut,
292 402 320 468 si
343 402 401 487 qui
422 402 536 466 dentes
560 405 593 465 et
615 400 823 486 pubertatem
845 406 964 467 natura
986 401 1074 467 dicat
1093 403 1263 488 exsistere,
1285 402 1398 488 ipsum

188 521 191 525 ’
218 496 328 556 autem
354 491 534 575 hominem,
564 490 616 555 cui
640 513 677 555 ea
700 491 875 576 exsistant,
903 514 972 555 non
994 495 1144 556 constare
1165 496 1300 577 natura,
1329 513 1399 557 non

218 580 390 666 intellegat
409 602 459 664 ea,
483 602 565 664 quae
584 579 721 644 efferant
740 580 863 665 aliquid
883 602 922 644 ex
941 602 1026 664 sese,
1044 580 1255 664 perfectiores
1274 580 1398 647 habere

217 673 352 736 naturas
376 692 474 753 quam
498 691 549 753 ea,
572 690 655 753 quae
678 691 717 733 ex
740 668 792 733 his
817 669 1001 734 efferentur.

155 761 200 826 34
308 757 463 822 Omnium
492 762 603 822 autem
632 780 758 843 rerum,
789 780 871 842 quae
893 762 1012 823 natura
1034 758 1320 844 administrantur,
1351 778 1427 824 ses

219 847 361 914 minator
389 851 423 912 et
450 850 541 912 sator
568 850 601 911 et
623 869 756 931 parens,
783 851 822 911 ut
843 847 892 912 ita
915 847 1034 931 dicam,
1061 852 1161 932 atque
1184 849 1341 913 educator
1365 853 1398 913 et

219 936 305 1000 altor
341 940 392 1001 est
427 936 567 1001 mundus
605 936 779 1020 omniaque
815 936 902 1001 sicut
932 937 1079 1001 membra
1111 941 1145 1001 et
1175 941 1287 1021 partes
1320 960 1397 1003 suas

217 1025 403 1090 nutricatur
430 1029 464 1090 et
491 1025 645 1090 continet.
693 1023 817 1101 Quodsi
847 1026 959 1090 mundi
982 1030 1092 1110 partes
1115 1030 1234 1091 natura
1257 1026 1396 1091 admini-

218 1118 379 1200 strentur,
414 1136 548 1179 necesse
585 1118 635 1179 est
671 1115 828 1179 mundum
864 1115 974 1199 ipsum
1009 1118 1128 1179 natura
1163 1115 1397 1200 administrari,

219 1203 310 1268 cuias
334 1203 464 1288 quidem
488 1203 729 1268 administratio
751 1203 836 1268 nihil
858 1203 960 1269 habet
976 1204 1012 1268 in
1030 1225 1079 1287 se,
1102 1204 1188 1288 quod
1202 1203 1397 1289 reprehendi
1414 1224 1437 1265 ro

218 1291 338 1377 possit,
371 1314 410 1356 ex
431 1292 473 1357 iis
498 1293 585 1357 enim
607 1293 748 1377 naturis,
777 1315 859 1378 quae
883 1296 989 1375 erant,
1013 1292 1099 1378 quod
1123 1292 1209 1358 effici
1232 1293 1397 1377 optimum

164 1393 199 1443 87
218 1381 342 1465 potuit,
374 1381 525 1447 effectum
557 1386 617 1448 est.
668 1381 794 1447 Doceat
826 1404 905 1468 ergo
937 1382 1056 1467 aliquis
1088 1382 1237 1466 potuisse
1268 1382 1395 1448 melius.

220 1467 282 1534 Sed
304 1492 401 1536 nemo
424 1494 580 1556 umquam
603 1470 747 1556 docebit,
771 1475 804 1536 et
828 1471 856 1536 si
879 1471 952 1556 quis
974 1470 1136 1556 corrigere
1155 1471 1280 1556 aliquid
1297 1472 1397 1557 volet,

218 1562 276 1623 aut
298 1559 441 1625 deterius
463 1560 563 1626 faciet
581 1560 704 1645 antid,
727 1560 815 1645 quod
832 1560 904 1624 fieri
921 1582 989 1625 non
1006 1560 1166 1645 potuerit,
1190 1560 1396 1625 desiderabit

220 1646 343 1722 Quodsi
373 1672 486 1715 omnes
516 1650 629 1714 mundi
658 1654 769 1734 partes
799 1650 848 1714 ita
877 1649 1076 1714 constitutae
1104 1653 1195 1734 sunt,
1224 1653 1263 1713 ut
1289 1670 1436 1735 nequeo

218 1736 260 1801 ad
278 1760 374 1802 usum
392 1740 543 1804 meliores
562 1739 732 1824 potuerint
750 1761 821 1804 esse
839 1761 945 1823 neque
963 1738 1004 1803 ad
1023 1737 1164 1823 speciem
1182 1737 1397 1823 pulchriores,

217 1825 398 1912 videamus,
420 1832 532 1893 utrum
553 1851 590 1892 ea
608 1828 789 1893 fortuitane
807 1827 874 1892 sint
892 1850 936 1893 an
954 1850 992 1893 eo
1011 1831 1114 1912 statu,
1138 1849 1203 1912 quo
1223 1826 1396 1892 cohaerere

217 1915 309 1979 nullo
341 1917 438 1981 modo
470 1917 640 2002 potuerint
669 1917 735 1982 nisi
767 1939 865 1982 sensu
896 1917 1086 1982 moderante
1118 1916 1291 2001 divinaque
1323 1939 1397 2002 pro

217 2003 371 2071 ridentia.
418 2006 453 2071 Si
475 2007 580 2093 igitur
602 2006 738 2071 meliora
762 2010 839 2071 sunt
862 2029 912 2090 ea,
943 2028 1025 2091 quae
1048 2009 1180 2090 natura,
1208 2028 1307 2091 quam
1330 2005 1396 2089 illa,

219 2115 302 2178 quae
324 2098 395 2158 arte
416 2094 564 2179 perfecta
586 2099 677 2180 sunt,
699 2117 760 2160 nec
783 2118 837 2160 ars
856 2095 958 2160 efficit
977 2095 1152 2181 quicquam
1170 2094 1241 2160 sine
1258 2094 1396 2178 ratione,
1413 2116 1435 2156 rr
1497 2170 1498 2177 ἵ

217 2204 260 2247 ne
288 2187 407 2247 natura
437 2183 568 2268 quidem
597 2184 736 2249 rationis
768 2206 881 2268 expers
912 2189 964 2249 est
992 2183 1149 2248 habenda.
1202 2182 1266 2258 Qui
1291 2183 1397 2270 igitur

218 2272 384 2356 convenit,
417 2272 549 2358 signum
578 2277 636 2337 aut
665 2273 813 2337 tabulam
841 2273 965 2358 pictam
995 2295 1070 2338 cum
1101 2273 1280 2358 aspexeris,
1313 2272 1396 2337 scire

219 2359 401 2426 adhihitam
424 2384 494 2427 esse
517 2366 637 2447 artem,
667 2384 805 2448 cumque
828 2363 942 2447 procul
966 2384 1096 2428 cursum
1118 2361 1244 2449 navigii
1265 2360 1397 2447 rideris,

218 2472 286 2514 non
309 2450 472 2536 dubitare,
495 2452 575 2536 quin
597 2451 630 2515 id
653 2452 781 2518 ratione
804 2456 903 2539 atque
926 2456 997 2517 arte
1020 2457 1203 2537 moveatur,
1227 2455 1298 2537 aut,
1322 2474 1396 2517 cum
1496 2523 1497 2526 Ἴ

256 2720 280 2769 1.
302 2716 473 2783 pubertatem
486 2712 588 2772 ‘Bart’.
613 2746 647 2757 -
665 2723 779 2784 ustura,
871 2720 912 2770 14.
928 2717 1063 2785 potuerit,
1085 2714 1166 2770 nieht
1185 2717 1302 2784 poterit,
1332 2714 1397 2769 weil

218 2783 249 2839 in
262 2785 327 2839 dem
345 2786 499 2855 speciellen
511 2786 595 2842 Sinna
610 2804 667 2843 von
681 2785 779 2857 φύσις,
834 2786 881 2841 die
898 2786 1052 2857 Handlung
1070 2786 1119 2841 des
1137 2785 1331 2841 Nebensatzes
1356 2786 1397 2840 als

219 2857 328 2925 sall,
344 2863 386 2913 33.
833 2859 884 2912 der
903 2858 952 2913 des
977 2858 1167 2983 Hauptsatres
1194 2856 1396 2927 vorangehend

254 2935 279 2983 2.
298 2930 359 2996 cui,
378 2929 441 2984 Dat.
458 2931 655 2985 commoritur
672 2931 705 2985 iu
718 2947 779 3000 quo.
833 2930 890 2983 und
910 2928 940 2982 in
959 2928 1048 2984 sicha
1067 2930 1249 2999 gesehlossen
1265 2928 1396 2983 bezeich-

255 3006 279 3055 3.
294 3002 477 3069 perfectiores,
495 3018 562 3054 man
580 3004 712 3056 erwartet
729 3008 781 3057 aut
832 3003 880 3055 net
894 3001 1008 3057 werden
1027 3001 1094 3069 soll,
1113 3000 1201 3055 bevor
1216 2999 1262 3053 die
1276 3000 1396 3055 letztere
1495 3013 1496 3018 ’

214 3072 389 3142 perfectiores
406 3078 457 3127 aut
476 3079 544 3127 certe
562 3075 695 3142 aequales.
834 3072 940 3126 eintrat
952 3067 1023 3126 ‘was
1041 3071 1207 3140 unmoglich
1234 3071 1397 3140 geschehen

255 3147 280 3195 ὅ.
309 3144 457 3197 seminator
488 3150 513 3198 et
543 3151 619 3199 sator
644 3170 672 3189 =
699 3144 780 3214 λόγος
833 3138 960 3198 kounte'.
1495 3191 1496 3200 .

219 3209 439 3282 anteponenda
870 3220 911 3270 lo.
931 3215 1076 3282 actutum,
1096 3213 1395 3285 a.I‚1r.ad009rtr'·
1495 3215 1496 3236 ¹

256 3290 298 3338 11.
325 3285 398 3352 quod
425 3285 496 3353 effici
521 3286 654 3352 optimum
677 3287 778 3354 potuit.
833 3287 941 3341 ttouem.

218 3353 780 3424 DurchdergleichenEinschranlrungen
870 3362 912 3412 17.
930 3362 1025 3412 utrum
1043 3372 1075 3410 ea
1092 3357 1245 3424 fortuitane
1262 3357 1329 3411 aiut.
1359 3355 1395 3410 So

218 3427 337 3481 suchten
362 3425 408 3480 die
439 3425 564 3494 Stoiker,
595 3427 701 3481 welche
729 3428 780 3482 das
833 3427 904 3481 wird
922 3428 996 3481 nach
1017 3433 1113 3483 utrum
1137 3427 1218 3480 nicht
1243 3427 1336 3481 selten
1362 3442 1397 3481 ue

218 3496 370 3567 physische
388 3497 447 3551 und
460 3496 629 3552 moralische
642 3486 715 3552 llbel
729 3516 779 3552 aus
834 3516 871 3553 an
890 3499 940 3553 das
955 3499 1090 3553 Tonwort
1107 3498 1237 3567 angehhn
1300 3498 1343 3552 als
1359 3498 1396 3552 ob

217 3569 295 3623 ihrer
324 3568 552 3624 vollkommenen
587 3568 665 3623 Welt
700 3569 782 3625 nicht
833 3577 928 3626 utrum
936 3570 1093 3624 Pronomen
1111 3569 1169 3622 und
1191 3568 1238 3623 nic
1260 3569 1395 3639 tFrage·
1494 3559 1495 3592 ¹

218 3640 403 3709 wegleugnen
431 3639 570 3709 konnten,
603 3641 674 3695 uber
701 3640 779 3696 diese
834 3640 958 3711 partilrel
976 3645 1059 3696 wtre.
1079 3640 1281 3708 Tusc.'IV,59:
1300 3647 1397 3695 utrum
1494 3665 1495 3668 ¹

219 3709 436 3778 Sehwierigkeit
454 3711 568 3780 hinweg
585 3729 619 3765 ru
638 3712 780 3769 kommen.
833 3714 940 3768 illudue
962 3729 1020 3768 aare
1048 3713 1174 3768 uideatur
1200 3728 1279 3783 aepre
1305 3713 1396 3779 sareu

218 3780 781 3854 EbensoSen.deprov.V‚9=uoupoteet
833 3786 900 3840 dum
918 3815 953 3825 -
971 3801 1011 3838 au
1033 3787 1086 3840 etc.
1118 3801 1147 3853 p.
1167 3782 1277 3849 Quinct.
1296 3788 1345 3838 92:
1365 3800 1397 3838 ea

218 3853 323 3920 artifex
340 3858 447 3907 mutare
467 3857 618 3922 materiam,
645 3854 780 3909 wahrend
832 3871 876 3910 ree
902 3871 978 3910 urum
1009 3856 1041 3909 r'u
1072 3855 1231 3910 discrimine
1260 3860 1394 3923 curatur,

218 3923 292 3979 doch
335 3923 409 3978 nach
450 3923 540 3979 ihrem
577 3926 687 3995 Syrtem
733 3926 780 3981 die
833 3935 928 3982 utrum
946 3928 1069 3995 possitue
1086 3943 1114 3980 ee
1137 3930 1233 3981 contra
1252 3926 1396 3980 luxuriare

217 3994 336 4050 Materia
355 4012 411 4051 ron
421 3995 471 4052 der
484 3996 667 4053 schaffenden
675 3996 779 4051 Natur·
834 3999 986 4066 defendere,
1000 4014 1039 4051 au
1058 4028 1101 4052 -.
1129 3996 1194 4050 Wie
1213 3996 1259 4050 ein
1283 3996 1396 4051 solcher
1493 4047 1494 4052 ,

217 4066 296 4121 kraft
312 4066 393 4121 nicht
410 4085 443 4120 zu
462 4070 580 4122 trennen
594 4068 641 4125 ist.
831 4069 980 4125 Gabrauch
1013 4068 1182 4123 entstanden
1211 4066 1261 4132 ist,
1294 4067 1396 4136 zeigen
1493 4073 1494 4096 l

256 4139 412 4193 12.Doeeat
420 4154 490 4209 erpo.
504 4138 558 4194 Die
568 4139 779 4210 Auffcrderung
832 4140 973 4210 Beispiele
1006 4140 1059 4193 wie
1083 4139 1164 4194 Tusc.
1179 4139 1225 4205 lV,
1243 4145 1272 4194 9:
1297 4139 1395 4195 Utrum

217 4207 257 4262 ist
274 4209 417 4278 gerichtet
433 4226 471 4263 an
486 4209 615 4280 jemand,
638 4227 696 4265 von
713 4212 777 4265 dem
831 4214 920 4283 ruitur
951 4209 1059 4266 macie?
1092 4212 1222 4265 uatimue
1252 4225 1303 4265 uos
1334 4210 1395 4266 uela

218 4278 269 4333 der
281 4280 487 4336 Schriftsteller
505 4281 656 4346 annimmt‚
675 4280 732 4335 dall
750 4299 780 4335 er
831 4285 922 4352 faeere
939 4299 979 4336 au
992 4283 1142 4351 paululum
1158 4279 1314 4351 remicare?

218 4348 272 4402 den
289 4353 540 4422 vorhergehenden
563 4353 628 4407 Sata
653 4352 777 4422 leugnet.
871 4359 913 4411 18.
931 4368 1011 4408 eerrsu
1025 4379 1051 4398 =
1064 4359 1169 4408 natura
1186 4353 1324 4408 serame.

217 4419 282 4489 Vgl.
296 4427 311 4487 ς
327 4429 373 4477 771
392 4422 469 4494 Erpa
486 4430 581 4479 utram
598 4425 736 4495 tenuant.
869 4431 912 4480 11.
931 4442 966 4479 ue
983 4454 1018 4465 -
1035 4425 1153 4494 quidem,
1172 4423 1225 4492 sl,
1237 4429 1297 4478 110.
