3017 4800
434 230 504 286 000.
519 231 540 289 Ι.
555 230 633 287 000.
652 237 700 301 ac,
720 238 763 288 ro.
783 238 923 299 §rr-ra.
1224 238 1271 304 fir

91 393 226 479 ciplinis.
273 392 493 461 Xenocratem
519 394 632 460 audire
658 396 782 481 potuit,
810 419 907 482 quem
935 396 1056 484 virum,
1080 397 1113 462 di
1135 397 1269 464 immor·

21 526 24 533 .
90 483 182 548 tales!
222 487 257 548 et
284 488 361 549 sunt
384 485 441 569 qui
464 488 582 569 putent
605 485 747 571 audisse3
777 486 847 570 ipse
870 508 937 551 non
959 487 1043 573 vult3
1073 488 1169 553 credo
1191 488 1266 573 plus

88 572 219 638 nemini.
265 572 474 658 Pamphilum
503 574 678 661 quendam,
707 573 857 640 Platonis
885 575 1080 661 auditorem,
1110 576 1159 642 ait
1184 599 1205 641 a
1232 598 1267 642 se

91 660 177 726 Sami
205 662 370 748 auditum,
402 664 450 728 ibi
477 665 565 729 enim
592 663 782 730 adulescens
809 662 982 730 habitabat
1009 687 1084 730 cum
1110 669 1205 750 patre
1233 671 1270 730 et

61 749 260 838 cfratribus,
290 752 378 837 qnod
407 753 443 817 in
470 776 542 819 eam
569 756 664 837 pater
691 752 760 819 eius
783 752 923 820 Neocles
946 754 1096 842 agripeta
1118 758 1269 839 venerat,

89 840 142 905 sed
161 863 237 906 cum
256 842 381 927 agellus
401 865 476 907 eum
493 865 562 908 non
579 842 661 908 satis
679 844 795 929 aleret,
817 847 855 908 ut
873 843 1003 930 opinor,
1021 844 1090 908 ludi
1108 843 1267 930 magister

87 928 157 994 fuit
205 928 270 995 Sed
297 930 385 996 hunc
408 930 616 998 Platonicum
643 933 780 998 mirifice
808 933 990 998 contemnit
1011 932 1188 1019 Epicurus3
1218 932 1267 998 ita
1286 944 1325 994 00

88 1019 218 1104 metuit,
246 1042 288 1084 ne
316 1021 395 1105 quid
422 1044 578 1107 umquam
605 1021 757 1088 didicisse
784 1021 940 1087 videatur.
986 1021 1027 1087 ln
1053 1021 1266 1106 Nausiphane

87 1106 297 1173 Democriteo
316 1113 461 1197 tenetur3
484 1134 582 1196 quem
601 1133 676 1176 cum
694 1134 715 1176 a
732 1133 768 1176 se
785 1133 853 1177 non
869 1116 969 1199 neget
987 1111 1148 1197 auditum,
1170 1115 1267 1176 vexat

50 1213 72 1253 1⁰
88 1200 198 1262 tamen
226 1198 379 1264 omnibus
408 1201 624 1265 contumeliis.
671 1198 775 1285 Atqui
802 1199 831 1265 si
858 1199 939 1266 haec
965 1199 1173 1266 Democritea
1200 1221 1268 1265 non

88 1286 245 1372 audisset,
277 1287 356 1372 quid
385 1289 555 1354 audierat?
590 1289 667 1375 quid
696 1294 747 1356 est
774 1289 810 1354 in
831 1288 976 1375 physicis
999 1289 1135 1376 Epicuri
1157 1311 1225 1355 non
1247 1311 1268 1354 a

87 1373 302 1441 Democrito?
348 1375 435 1442 Nam
463 1379 527 1443 etsi
554 1378 715 1463 quaedam
742 1379 970 1465 commutavit,
997 1383 1036 1445 ut
1058 1379 1145 1465 quod
1167 1379 1266 1463 paulo

86 1633 252 1710 Ἐπίκουρος
260 1635 410 1712 ἐγκυκλίου
418 1641 553 1705 παιδείας
561 1637 652 1713 ciprin-
706 1639 1267 1712 dervergangenhcitvollendetefland·

47 1706 381 1838 0000000
398 1708 651 1840 recture
705 1700 1266 1853 terriculamentis

89 1837 161 1916 νονξ.
197 1803 621 1924 vgl.i1,4rd}⁰⁹x⁹
706 1802 783 1911 demg
805 1855 1066 1925 Zusammenhange
1100 1825 1190 1910 leiiht
1222 1871 1265 1909 er·

123 1929 147 1978 1.
168 1925 367 1994 Xenocratem,
386 1945 408 1982 s.
428 1932 501 1993 534.
521 1959 555 1969 -
573 1943 652 1997 quem
706 1926 841 1982 sichtlieh
881 1925 929 1992 ist,
973 1926 1128 1982 besonders
1169 1942 1266 1981 ausan-

89 1996 184 2065 oirrrm,
204 1997 242 2051 de
261 2014 292 2052 re
311 1998 388 2068 publ.
403 1998 465 2067 1,a=
484 2000 601 2056 nobilem
619 2000 651 2054 ia
705 1998 841 2054 driiclren.
883 1997 949 2068 Vgl.
973 1998 1007 2066 ΙΙ,
1025 2002 1089 2053 1070
1108 1997 1196 2054 Nemo
1222 1999 1267 2054 νίν

85 2067 183 2137 primia
197 2069 401 2139 phelompham.
703 2085 821 2141 moyam
837 2069 904 2137 fuit.
940 2065 1001 2126 Cat.
1016 2068 1082 2124 Mai.
1101 2075 1131 2125 8:
1149 2069 1224 2137 Nec,
1241 2070 1268 2124 ei

122 2145 147 2192 0.
166 2135 573 2209 0000000“0001000οΤ000,
591 2141 650 2195 und
703 2158 750 2212 epo
778 2141 920 2210 Seriphius
946 2156 1042 2209 asem,
1078 2155 1128 2195 aec
1158 2145 1205 2207 tu,
1241 2141 1268 2195 si

90 2207 238 2266 wirklich’.
703 2212 891 2279 Atheniensis,
909 2212 1001 2267 clarata
1019 2227 1150 2281 amorum
1166 2212 1268 2280 fuisses

122 2283 234 2338 audisse
251 2299 290 2337 sc.
310 2299 378 2338 eum.
416 2282 462 2349 So,
473 2281 537 2338 leot
550 2282 648 2339 Cicero
703 2280 814 2355 (ἐγένου
834 2277 891 2353 ἄν).
915 2280 1057 2339 8010000.
1072 2289 1151 2351 aar:
1169 2283 1267 2353 culpas

91 2352 227 2409 unweilen
246 2354 297 2408 das
315 2353 473 2410 Pronomcn
496 2355 649 2411 demonstr.
702 2356 810 2425 ferimus
820 2355 989 2426 00000900οί0.
1011 2353 1072 2411 Liv.
1080 2353 1206 2424 XXXIV,
1216 2359 1266 2410 21:

90 2423 119 2479 in
135 2425 185 2480 der
199 2425 410 2481 Konstrnktion
430 2426 481 2481 des
499 2426 599 2483 Aecus.
625 2444 650 2484 c.
705 2428 865 2498 locupletior
882 2429 915 2482 ν’νι
932 2427 990 2482 dies
1002 2427 1152 2497 priam
1168 2428 1234 2495 fuit.

90 2494 139 2551 Ini.
154 2513 214 2567 aus,
234 2514 317 2553 wenn
337 2497 398 2552 sich
416 2497 544 2554 dasselbe
561 2497 651 2554 loicht
739 2500 868 2567 mirifice,
892 2515 941 2552 zur
963 2497 1163 2567 Bereichnung
1189 2496 1266 2552 eines
1294 2527 1297 2531 ·

91 2583 138 2622 aus
156 2569 224 2623 dem
237 2568 461 2624 Zusammenhan
512 2575 652 2640 argaman
705 2570 771 2626 sehr
788 2570 883 2625 hohan
909 2568 1026 2637 Grades,
1054 2568 1108 2622 wie
1136 2575 1151 2633 ς
1175 2573 1210 2624 08
1238 2585 1266 2622 u.

91 2637 157 2695 ltsst
195 2640 332 2710 Hhuliger
350 2639 390 2695 ist
403 2639 450 2696 die
485 2641 651 2697 nterdriick·
705 2641 756 2696 oft.
771 2641 799 2698 b.
819 2638 876 2695 Cic.
1170 2646 1172 2649 ’

91 2727 146 2781 ung
160 2711 211 2766 des
225 2711 384 2767 Pronomen
398 2713 650 2782 persundreflex,
740 2713 782 2768 ita
795 2737 823 2757 =
835 2726 921 2781 usqrre
939 2726 969 2766 eo
982 2709 1023 2764 im
1041 2708 1228 2780 Epiphanem.

91 2780 263 2837 namentiich
289 2783 377 2852 dann,
406 2800 488 2838 wonn
517 2783 564 2838 ain
597 2783 650 2842 inf.
740 2789 766 2839 8.
785 2783 824 2838 Ia
841 2782 1074 2852 Nausiphane·
1088 2786 1207 2850 0000000,
1233 2795 1266 2835 so

91 2869 144 2908 von
154 2854 249 2909 einem
257 2855 382 2910 anderen
390 2854 482 2909 abhtn
506 2854 651 2925 ‘pistici
704 2853 758 2909 wie
776 2869 843 2908 man
870 2854 936 2922 sagt
956 2854 990 2907 in
1013 2869 1059 2907 ma
1104 2853 1155 2920 cio,
1182 2851 1215 2907 ia
1236 2866 1267 2907 re

93 2924 221 2980 desselbe
253 2925 374 2996 Subjekt
398 2925 457 2981 hat.
512 2926 551 2997 gl.
570 2932 649 2993 §842
704 2926 853 3007 manifesto
865 2925 952 2979 terreri
964 2921 1056 2994 (Verr.
1070 2923 1082 2976 l
1097 2922 1117 2990 Ι,
1130 2926 1201 2992 178),
1219 2920 1266 2977 ein

92 2998 213 3065 molliori
229 2999 342 3065 nescire,
362 3003 461 3063 §1092
475 2999 597 3054 Puderet
609 3014 651 3053 me
704 2993 972 3051 lnimrnalistischer
989 2992 1139 3048 Ausdtuck
1158 3019 1186 3040 ε-
1203 3009 1266 3050 cort·

92 3067 176 3123 dicere
192 3084 253 3124 nora
270 3069 429 3139 caeloque.
704 3069 834 3125 000000ον.
854 3065 919 3136 Vgl.
929 3065 978 3134 ΙΙΙ,
990 3070 1032 3122 74.
1065 3063 1145 3120 Beim
1163 3063 1265 3120 Nausi-

125 3140 202 3196 credo
254 3140 305 3196 lus.
343 3139 417 3194 Phil.
440 3139 474 3208 ΙΙ,
498 3144 549 3194 38:
582 3140 649 3210 plus
702 3139 811 3211 phanes
828 3137 867 3193 ist
891 3154 922 3193 er
939 3134 1098 3205 fiberlflhrt,
1124 3152 1181 3192 von
1206 3135 1267 3191 ihm

93 3209 198 3266 dicerit.
239 3211 330 3281 eleg.
344 3211 420 3280 Ita:
441 3212 509 3294 plus
533 3212 649 3268 delectet
703 3210 814 3281 gelernt
833 3227 867 3264 au
885 3210 988 3265 haben.
1011 3240 1045 3250 -
1067 3206 1266 3280 Nausiphanes

94 3277 128 3335 So
144 3281 235 3337 findet
256 3280 319 3337 sich
340 3281 371 3336 in
398 3281 513 3353 cimgon
530 3281 650 3338 Verbin·
704 3298 757 3336 aus
775 3281 857 3350 Teos,
876 3280 955 3336 einer
971 3279 1119 3336 ionischen
1133 3279 1217 3335 Stadt
1229 3295 1267 3334 an

94 3351 204 3424 dungen
216 3354 285 3436 plus
297 3352 343 3408 fur
363 3355 459 3425 macab,
479 3354 582 3409 ebenso
596 3353 650 3409 wie
704 3353 755 3408 der
772 3352 921 3422 lydischen
934 3352 1032 3420 Kuste,
1050 3350 1122 3405 wird
1137 3351 1204 3406 bald
1222 3350 1266 3405 als

94 3422 140 3479 der
157 3424 267 3480 Positiv
285 3427 402 3482 maltam
420 3424 466 3480 fir
479 3441 649 3497 mapaopere.
703 3424 858 3494 Anhtnger
893 3422 1068 3490 Demolrrits,
1114 3421 1182 3476 bald
1223 3420 1266 3475 als

95 3491 167 3551 Oass.
181 3497 210 3551 b.
225 3495 258 3552 G.
272 3496 325 3566 III,
345 3503 370 3564 9,
385 3504 414 3552 3:
434 3497 549 3553 maltam
568 3497 650 3564 confi·
704 3495 829 3551 Schdler
842 3495 893 3549 des
911 3492 1076 3564 Skeptikers
1089 3492 1197 3562 Pyrrho
1215 3491 1266 3547 be·

94 3566 159 3622 dere.
172 3567 650 3637 ib.Vll,56,10:multwmodiaoore.
704 3566 842 3623 aeichnet.

126 3644 151 3694 0.
168 3640 339 3710 Pamphilio,
359 3641 441 3695 const
457 3638 539 3694 nicht
552 3637 651 3694 ociter
740 3645 767 3694 0.
780 3643 900 3695 ceaut—
910 3635 1090 3693 contumeliis.
1108 3631 1265 3704 Vgl.Diog.

96 3707 225 3766 bekannt.
704 3708 797 3766 Laert.
813 3708 838 3763 X
857 3714 888 3764 8:
906 3704 1052 3779 πλεύμονα
1067 3702 1156 3762 αὐτὸν
1170 3700 1266 3761 ἐκάλει

144 3786 169 3837 t.
196 3783 324 3854 apripetu
345 3807 373 3829 ει
399 3782 562 3906 elpenipsa
608 3780 652 3835 Im
705 3781 756 3836 ael
774 3751 958 3851 dyodpparor
976 3773 1198 3834 subcinctorium
1216 3776 1267 3832 καὶ

95 3850 174 3908 lehre
193 3859 245 3908 006
260 3869 320 3908 war
332 3852 440 3922 Samos,
460 3869 502 3908 oe
515 3852 582 3909 ches
595 3868 653 3908 von
705 3849 823 3922 πόρνον.

96 3921 147 3977 den
170 3924 289 3980 Persern
321 3923 509 3979 unterworfcn
536 3924 653 3979 worden
743 3929 785 3979 10.
813 3922 901 3991 mque
926 3923 952 3977 ai
978 3923 1033 3978 etc.
1061 3920 1143 3976 Sinn:
1174 3920 1267 3975 Wenn

96 4009 160 4062 war,
201 4012 259 4051 von
296 3994 462 4051 Timotheus
503 3994 651 4050 wiederer-
705 3993 815 4065 Epihur
842 3992 888 4050 die
915 3991 1155 4048 demokritischen
1182 3991 1267 4047 Satio

97 4065 173 4122 obert
199 4067 323 4124 worden.
364 4066 417 4121 Die
443 4065 652 4137 eingeacgenen
705 4082 762 4122 von
779 4063 990 4136 Nausiphanes,
1024 4063 1076 4119 aui
1099 4063 1155 4118 den
1179 4078 1210 4118 er
1234 4079 1267 4117 sc

97 4133 278 4207 hindereien,
296 4137 338 4192 im
360 4154 469 4208 ganacn
491 4143 561 4193 2000
585 4137 651 4193 Par·
706 4134 849 4208 schimplt,
859 4135 940 4190 nicht
948 4135 1061 4206 gelernt
1069 4135 1163 4189 haben
1173 4133 1267 4203 sollte,

98 4208 194 4278 zellen,
213 4210 332 4265 wardon
356 4208 397 4264 im
421 4209 507 4265 Jahre
535 4215 586 4266 301
615 4226 652 4264 an
705 4225 761 4264 von
784 4224 856 4263 wem
885 4207 935 4261 hat
962 4223 993 4262 er
1018 4205 1162 4261 dioselben
1192 4204 1270 4260 dann

100 4293 167 4335 nme
185 4281 314 4337 Athener
333 4280 455 4337 vertoilt
705 4280 836 4351 gelemt?
852 4277 966 4333 Stimmt
979 4278 1055 4333 doch
1069 4275 1145 4331 scine
1160 4275 1269 4345 Phyrilr

131 4359 153 4408 0.
170 4353 236 4422 fuit,
250 4353 316 4407 wir:
332 4348 372 4406 ‘er
385 4347 502 4422 worda,
517 4351 651 4406 wahrend
704 4349 760 4404 mit
784 4350 834 4405 dor
864 4349 913 4404 des
939 4347 1089 4406 Demokrit
1114 4347 1171 4401 last
1195 4348 1267 4402 voll-

99 4420 144 4476 der
166 4423 299 4480 Lateiner
325 4422 517 4495 schlechtweg
546 4423 592 4478 dic
621 4421 652 4478 in
706 4420 822 4490 standig
839 4418 964 4473 fiberein.

1014 4507 1054 4563 5*
