3017 4800
471 200 954 272 LIB.1.0AP.1s‚1o.sao-4e.
1259 209 1299 275 51

1325 333 1365 398 16

1321 423 1356 473 ιι

213 364 363 450 Exposui
384 364 453 429 fere
475 386 543 429 non
564 363 839 449 philosophorum
860 365 993 451 iudicia,
1016 367 1072 432 sed
1091 367 1301 433 delirantium

122 454 261 519 somnia.
307 452 376 518 Neo
399 453 487 518 enim
509 454 614 518 multo
638 453 831 520 absurdiora
853 459 931 520 sunt
954 478 1004 540 ea,
1028 478 1110 541 quae
1128 462 1302 541 poetarum

121 543 260 608 vocibus
283 541 358 607 fusa
380 543 453 627 ipsa
476 542 638 608 suavitate
661 548 853 629 nocuerunt,
877 544 933 629 qui
956 549 990 609 et
1012 544 1062 610 ira
1080 545 1301 612 inflammatos

122 635 157 697 et
179 631 317 696 libidine
343 631 490 697 furentes
522 632 721 697 induxerunt
752 633 830 697 deos
861 631 1088 719 feceruntque,
1120 639 1158 699 ut
1189 657 1302 700 eorum

89 721 224 805 abella,
261 721 398 806 proclia,
435 743 579 807 pugnas,
616 721 751 786 vulnera
782 721 978 808 videremus,
1015 723 1089 788 odie
1124 728 1303 810 praeterea,

123 810 274 894 discidia,
298 809 493 895 discordias,
521 814 627 894 ortus,
650 810 820 894 interitus,
843 811 1017 896 querellas,
1040 812 1302 899 lamentationes,

124 899 243 964 effusas
270 899 307 963 in
339 898 429 963 omni
464 898 719 982 intemperantia
756 899 921 986 libidines,
958 900 1131 987 adulteria,
1163 901 1302 988 vincula,

124 1010 201 1053 cum
222 988 366 1053 humano
387 1009 505 1074 genere
523 988 716 1053 concubitus
735 988 956 1075 mortalesque
975 1012 1015 1054 ex
1032 990 1212 1056 immortali
1229 1013 1303 1075 pro

123 1082 263 1143 creatos.
309 1075 391 1142 (lum
413 1080 587 1162 pottarum
609 1081 720 1142 autem
752 1099 860 1143 errore
890 1078 1087 1165 coniungere
1119 1079 1197 1144 licet
1228 1101 1302 1164 por·
1320 1100 1355 1148 43

77 1187 105 1227 ro
123 1170 218 1231 tenta
239 1187 412 1253 magorum
436 1164 741 1252 Aegyptiorumque
764 1166 800 1231 in
823 1166 936 1231 eodem
959 1188 1077 1254 genere
1095 1168 1303 1255 dementiam,

123 1259 196 1321 tum
219 1255 320 1320 etiam
343 1254 435 1341 vulgi
458 1255 642 1340 opiniones,
666 1277 749 1339 quae
772 1254 808 1319 in
826 1257 968 1321 maxima
986 1257 1209 1322 inconstantia
1221 1257 1304 1322 veri·

123 1345 204 1410 tatis
227 1344 436 1430 ignoratione
459 1347 640 1410 versantur.
685 1343 736 1408 Ea
760 1344 816 1430 qui
848 1344 1031 1411 consideret
1060 1368 1159 1431 quam
1190 1346 1302 1412 incon·

123 1434 211 1499 sulte
234 1456 273 1498 ao
296 1437 418 1498 temere
441 1433 604 1516 dicantur,
627 1433 776 1498 venerari
799 1433 980 1518 Epicurum
1003 1434 1094 1499 etin
1116 1456 1230 1500 eorum
1252 1435 1302 1520 ip·

122 1544 237 1588 sorum
258 1544 409 1607 numero,
432 1522 471 1587 de
495 1521 613 1608 quibus
642 1521 724 1587 haec
754 1524 903 1607 quaestio
934 1528 998 1608 est,
1026 1523 1147 1588 habere
1177 1524 1302 1589 debeat.

78 1631 104 1674 ιι
123 1609 221 1677 Solus
246 1612 334 1676 enim
356 1611 439 1677 vidit
460 1611 605 1695 primum
628 1633 699 1676 esse
722 1610 809 1696 deos,
832 1611 920 1696 quod
946 1612 983 1676 in
1010 1611 1156 1677 omnium
1183 1611 1302 1678 animis

122 1722 238 1766 eorum
259 1700 429 1765 notionem
451 1700 673 1784 impressisset
690 1700 764 1784 ipsa
781 1705 908 1765 natura.
937 1698 1027 1775 Quae
1051 1703 1102 1765 est
1115 1699 1201 1765 enim
1221 1721 1302 1786 gens

123 1794 181 1855 aut
209 1790 297 1875 quod
327 1810 430 1876 genus
465 1789 646 1875 hominum,
682 1789 771 1875 quod
800 1811 868 1855 non
897 1788 1020 1854 habeat
1051 1789 1121 1855 sine
1151 1788 1302 1854 doctrina

122 1962 577 2034 naturphsscsophischemsinne‚
588 1963 685 2018 indem
775 1968 924 2029 §la-ho.
944 1962 1212 2033 Dogmatisoher
1225 1962 1302 2018 Teil

123 2051 154 2089 er
185 2033 216 2088 in
248 2035 300 2090 der
326 2035 438 2090 Athene
471 2034 517 2090 die
544 2034 686 2090 Weisheit
739 2035 797 2090 des
833 2034 1106 2105 epikureisohen
1132 2034 1301 2089 Lehrvor·

123 2103 166 2174 (τὸ
196 2101 378 2176 ἡγεμονικόν)
406 2106 474 2175 sah,
507 2106 614 2161 welche
646 2104 686 2159 im
739 2107 886 2175 tragos,
936 2104 975 2161 in
1020 2105 1196 2160 welchern
1242 2103 1302 2160 die

122 2176 215 2247 Kopfe
235 2176 317 2232 ihren
334 2177 393 2231 Sita
411 2177 471 2232 hat.
739 2176 975 2247 Hauptsatze
1021 2177 1086 2232 der
1127 2176 1302 2247 epihure·

159 2249 269 2316 osaea.
291 2247 686 2318 DereigentlicheAusdruck
739 2247 862 2303 ischen
884 2246 1077 2318 Theologie
1100 2245 1304 2303 entwiekelt

121 2336 180 2374 von
204 2318 406 2389 Ergiessungen
438 2319 489 2374 der
520 2317 687 2389 poetisohen
740 2319 883 2374 werden.

123 2391 193 2446 oder
224 2390 446 2462 prophetischen
473 2389 686 2461 Begeisterung,
780 2397 822 2446 13.
837 2390 993 2461 Epiwae,
1007 2391 1058 2446 der
1068 2389 1145 2445 Sohn
1155 2391 1205 2445 des
1215 2387 1301 2445 Athe·

121 2464 192 2518 aber
210 2462 285 2517 auch
303 2462 353 2517 des
368 2461 542 2517 Wahnsinns
560 2462 619 2516 und
637 2461 688 2516 der
740 2478 806 2517 nors
823 2461 962 2530 Neokles‚
1006 2463 1049 2516 eb.
1070 2478 1104 2516 ιιι
1122 2462 1220 2517 Samos
1239 2467 1301 2529 341,

122 2532 424 2589 Unbedachtsamheit.
462 2533 590 2589 Schoem.
622 2532 686 2603 Vgl.
740 2535 813 2602 gest.
841 2539 894 2589 ato
925 2532 956 2587 in
983 2480 1091 2602 dthen,
1125 2531 1303 2614 Stifterder

123 2611 201 2672 §eos
225 2606 341 2661 oracula
358 2606 455 2673 frendo.
493 2604 528 2659 de
547 2605 618 2660 orat.
637 2604 687 2672 III,
741 2603 958 2673 epikureischen
976 2603 1087 2658 Schule.
1119 2602 1184 2658 Von
1204 2618 1302 2657 semen

124 2682 190 2732 1⁷5:
229 2678 276 2732 ille
306 2678 387 2732 rudae
417 2677 557 2732 incarditc
590 2676 687 2745 frordit
740 2675 922 2730 zahlreichen
949 2673 1092 2729 Schriften
1124 2673 1188 2728 sind
1213 2672 1302 2728 auster

121 2753 259 2819 wantum
273 2753 370 2817 potest.
740 2748 913 2802 zerstreuten
943 2746 1131 2817 Fragmenten
1159 2744 1207 2800 bei
1235 2745 1301 2798 Plu·

158 2825 320 2876 aocuerwnt.
357 2818 546 2889 Xenophanes
564 2817 592 2872 b.
613 2816 687 2873 Sext.
741 2819 836 2887 torah,
864 2818 972 2873 Seneca
991 2834 1019 2874 u.
1037 2834 1063 2872 a.
1086 2834 1140 2870 nur
1160 2815 1304 2871 erheltem

121 2890 203 2961 Emp.
214 2885 440 2959 lxmaemctvcc
447 2893 530 2952 θεοῖς
537 2884 688 2957 ἀνέθηκαν
741 2888 804 2944 sein
822 2889 999 2956 Testament‚
1021 2894 1038 2942 3
1056 2885 1150 2942 Briefe
1169 2904 1206 2941 an
1224 2885 1301 2941 seina

114 2956 241 3033 Ὅμηρός
264 2957 294 3015 θ’
310 2956 443 3024 Ἡσίοδός
461 2980 507 3028 τε,
531 2955 602 3015 ὅσσα
620 2955 686 3030 παρ’
742 2959 860 3015 Schdler
901 2960 960 3013 und
1000 2963 1035 3013 43
1071 2956 1169 3028 κύριαι
1209 2954 1302 3025 δόξαι,

122 3028 320 3103 ἀνθρώποισιν
328 3027 596 3102 ὀνείδεακαλψόγος
604 3025 687 3098 ἐστίν,
741 3030 805 3086 Hau
825 3032 915 3086 tsatze
935 3028 1027 3085 seiner
1044 3028 1134 3084 Lehre
1154 3028 1303 3084 ethischen

122 3102 255 3159 κλέπτειν
273 3098 417 3174 μοιχεύειν
435 3122 465 3157 τε
485 3102 535 3157 καὶ
553 3097 688 3172 ἀλλήλους
740 3101 793 3156 Inh
824 3099 1302 3170 teasamtlichbeibicghaertlt,

123 3171 289 3231 ἄπαιεύειν,
741 3173 851 3227 sodann
885 3189 940 3227 von
973 3171 1080 3228 seinem
1111 3171 1302 3242 Hauptwerhe

159 3253 185 3303 5.
191 3248 309 3317 proelio,
319 3246 351 3301 ll.
361 3244 435 3313 XXI,
444 3245 549 3315 390flg.
563 3245 687 3314 cabaa,
740 3245 806 3314 περὶ
828 3241 939 3313 φύσεως
965 3242 1058 3313 einige
1080 3243 1249 3313 Fragments
1272 3241 1303 3296 in

122 3319 156 3375 ll.
172 3318 206 3387 V,
225 3324 286 3373 858.
326 3318 459 3385 discidio,
478 3315 511 3371 Il.
535 3317 556 3384 I,
576 3315 685 3385 btoflg.
739 3314 974 3370 herculanisehen
991 3314 1216 3385 Papyrusrollen.

122 3390 250 3456 maculo,
271 3387 480 3458 chunrat.
509 3387 542 3442 Il.
556 3386 591 3455 V,
602 3391 662 3442 385.
780 3387 1054 3456 iecoramipaoram
1065 3401 1186 3441 numero.
1199 3384 1302 3438 Solche

159 3468 185 3516 6.
204 3461 347 3528 interitus,
374 3478 398 3515 z.
410 3459 442 3515 B.
457 3459 507 3513 des
524 3458 685 3527 Asklepios,
740 3455 905 3512 Ausdrlicke
920 3456 1118 3511 derhochsten
1126 3454 1301 3524 Verehrung,

123 3532 175 3587 der
199 3548 257 3586 von
280 3530 350 3584 Zeus
375 3530 465 3584 durch
493 3527 576 3585 einen
597 3528 684 3583 Blitz·
739 3527 848 3583 welche
863 3525 1176 3597 diehlpikureerihrem
1185 3524 1303 3580 Meister

123 3602 216 3659 strahl
233 3603 345 3672 getbtet
361 3601 466 3658 wurde.
495 3600 523 3657 S.
538 3601 640 3668 ΙΙΙ,57.
739 3598 843 3667 zellen,
877 3597 940 3652 sind
971 3598 1075 3668 haufig.
1102 3597 1197 3652 liuor.
1218 3596 1252 3663 V,
1269 3603 1300 3653 8:

161 3680 202 3729 10.
227 3689 385 3744 magorum,
412 3672 458 3727 die
482 3671 606 3726 Priester
630 3670 689 3724 und
742 3672 809 3726 deae
827 3671 873 3725 ille
889 3670 962 3738 fait,
980 3671 1046 3725 deus
1061 3699 1094 3710 -
1109 3670 1158 3739 qai
1171 3669 1304 3739 praeceps

121 3744 687 3815 WeisenderPerser.—portcato,stt&
741 3742 814 3798 citae
840 3743 975 3796 rationem
1001 3741 1106 3796 incenit
1132 3757 1206 3809 cam,
1234 3756 1304 3810 pieac

123 3836 146 3873 ι.
160 3822 293 3872 monstra.
741 3829 819 3869 naue
831 3812 1140 3882 appellatursapieatia.
1154 3810 1207 3866 Die
1212 3810 1304 3865 Lehre

158 3888 410 3959 Aegyptiorumque
446 3917 479 3926 —
517 3885 688 3950 densatam,
741 3883 877 3954 Epikurs,
901 3883 967 3937 dem
989 3884 1041 3937 der
1058 3882 1154 3938 Weise
1179 3879 1216 3945 ὡς
1232 3878 1305 3944 θεὸς

122 3959 189 4015 weil
212 3958 255 4013 sie
277 3957 325 4012 die
345 3956 446 4012 Gotter
463 3955 495 4011 in
516 3954 689 4026 Tiergestalt
742 3950 775 4010 ἐν
793 3950 961 4024 ἀνθρώποις
978 3952 1072 4025 (Diog.
1087 3953 1180 4009 Laert.
1195 3953 1227 4022 X,
1240 3955 1304 4022 ΙΙΙ)

122 4030 271 4086 verehren.
302 4028 367 4098 Vgl
382 4033 474 4094 5101.
742 4024 896 4094 erscheint,
922 4025 962 4079 ist
986 4026 1059 4079 auch
1083 4024 1114 4079 in
1139 4024 1231 4079 dieser
1249 4023 1303 4077 Be-

160 4107 202 4157 ll.
223 4101 301 4171 oalpi
319 4101 469 4169 aporiam.
502 4098 584 4153 Tusc.
599 4097 688 4166 111,e:
743 4095 865 4167 aiehung
896 4094 978 4151 nicht
1008 4096 1082 4150 obne
1110 4092 1223 4149 Einfluss
1255 4093 1309 4147 auf

124 4171 563 4242 mmoerocodem(adpoetarnm
570 4169 689 4238 errores)
744 4166 821 4222 seine
840 4166 959 4222 Schuler
976 4166 1135 4237 gehlieben.

119 4245 244 4315 popalm
257 4244 371 4298 accessit
379 4248 460 4311 atque
469 4242 559 4297 omnis
567 4242 690 4309 undique
780 4244 823 4294 1⁶.
842 4240 967 4309 prim
990 4238 1062 4294 ohne
1080 4235 1305 4317 naehfolgendes

123 4316 250 4372 adsitis
269 4314 438 4369 mmeatieus
451 4313 612 4379 multitado,
632 4317 690 4366 tam
743 4311 855 4378 deinde,
874 4308 928 4363 wie
942 4315 957 4375 ξ
972 4315 996 4364 7.
1029 4308 1165 4362 Dasselbe
1184 4307 1256 4377 hegt
1273 4324 1304 4360 ιιι

118 4387 205 4457 plane
223 4386 368 4454 inflamur
386 4385 549 4454 ορλιιὲοιιιιιι
567 4398 663 4438 errore.
744 4387 868 4437 emutare
885 4381 958 4436 ailad
975 4380 1058 4434 diam
1076 4384 1142 4444 §44
1155 4395 1180 4433 a.
1191 4378 1223 4434 E.

1052 4466 1089 4519 4*
