3017 4800
453 240 521 295 IdB.
537 240 571 296 Il.
587 238 665 295 GAP.
685 245 798 295 59-61.
818 245 833 304 ἓ
849 244 997 294 149-153.
1251 247 1312 311 179

133 409 306 470 sumantur
329 406 380 470 vel
398 404 594 469 mandentur
617 403 748 468 condita
771 401 943 488 vetustati,
967 407 1000 467 et
1022 407 1192 487 praeterea
1214 405 1314 470 vesci·

132 517 208 558 mur
241 493 356 558 bestiis
392 498 425 559 et
459 492 598 558 terrenis
631 497 664 557 et
692 492 891 577 aquatilibus
920 496 953 556 et
976 493 1162 558 volantibus
1189 494 1312 578 partim

134 583 291 667 capiendo
298 632 307 667 ,
348 582 471 666 partim
509 582 633 647 alendo.
689 580 861 646 Efficimus
899 581 998 645 etiam
1035 581 1161 647 domitu
1196 587 1311 648 nostro

9 744 19 753 ,
134 671 371 757 quadripedum
384 671 565 756 vectiones,
589 693 728 756 quorum
752 669 902 736 celeritas
926 674 1025 754 atque
1045 670 1094 735 vis
1114 670 1310 756 nobisipsis

100 782 113 822 ε
133 760 241 826 adfert
263 759 331 824 vim
354 765 388 824 et
411 760 620 825 celeritatem.
667 758 737 824 Nos
762 781 861 824 onera
884 758 1080 844 quibusdam
1098 759 1228 845 bestiis,
1250 783 1311 826 nos

131 851 213 936 iuga
235 848 446 934 imponimus,
473 871 534 914 nos
558 848 807 933 elephantorum
830 848 1040 913 acutissumis
1064 848 1228 935 sensibus,
1250 871 1312 914 nos

133 938 315 1024 sagacitate
334 960 450 1003 canum
469 938 510 1003 ad
528 938 707 1002 utilitatem
725 942 874 1002 nostram
892 937 1072 1024 abutimur,
1094 959 1155 1002 nos
1173 960 1190 1002 e
1205 943 1312 1003 terrac

133 1027 280 1094 cavernis
303 1026 427 1092 ferrum
451 1026 612 1111 elicimus,
635 1049 705 1091 rem
728 1026 770 1090 ad
793 1026 945 1091 colendos
968 1047 1066 1112 agros
1085 1027 1312 1112 necessariam,

132 1139 194 1182 nos
227 1116 325 1202 aeris,
357 1117 500 1203 argenti,
532 1116 604 1181 auri
635 1138 734 1180 venas
765 1115 895 1200 penitus
919 1115 1047 1180 abditas
1070 1116 1255 1181 invenimus
1279 1120 1313 1181 et

86 1226 114 1266 ro
133 1206 175 1270 ad
206 1228 301 1270 usum
330 1210 424 1290 aptas
449 1206 550 1270 etad
574 1209 726 1270 ornatum
750 1204 897 1288 decoras,
928 1205 1083 1269 arborum
1106 1209 1216 1271 autem
1240 1227 1314 1270 con·

133 1294 279 1360 sectione
308 1294 460 1379 omnique
488 1294 626 1359 materia
649 1297 682 1358 et
706 1294 795 1358 culta
817 1298 851 1358 et
874 1293 1017 1358 silvestri
1040 1294 1162 1378 partim
1185 1294 1226 1358 ad
1249 1296 1312 1359 cal·

132 1383 308 1449 ficiendum
327 1405 445 1468 corpus
464 1383 536 1470 igni
555 1383 702 1447 adhibito
718 1382 806 1447 etad
820 1382 1040 1469 mitigandum
1055 1383 1164 1448 cibum
1179 1384 1313 1467 utimur,

132 1473 256 1557 partim
288 1473 329 1537 ad
360 1472 609 1557 aedificandum,
641 1476 679 1537 ut
710 1471 808 1537 tectis
837 1471 944 1555 saepti
970 1470 1097 1557 frigora
1124 1472 1312 1557 caloresque

132 1562 303 1646 pellamus.
362 1560 502 1647 Magnos
539 1583 615 1626 vero
652 1583 731 1626 usus
769 1560 875 1625 adfert
911 1560 952 1624 ad
987 1561 1120 1647 navigia
1154 1560 1312 1646 facienda,
1324 1580 1374 1629 152

87 1671 114 1711 15
134 1673 274 1736 quorum
316 1650 463 1741 cursibus
506 1650 757 1734 subpeditantur
798 1671 911 1714 omues
953 1649 1095 1734 undique
1133 1650 1173 1714 ad
1209 1649 1312 1715 vitam

134 1740 264 1824 copiae,
306 1762 450 1825 quasque
492 1762 543 1805 res
585 1738 841 1805 violentissimas
863 1741 997 1802 natura
1033 1738 1163 1824 genuit,
1200 1760 1311 1803 earum

137 1829 397 1894 moderationem
414 1851 475 1894 nos
495 1828 557 1894 soli
574 1828 748 1912 habemus,
772 1827 872 1892 maris
892 1830 990 1912 atque
1008 1831 1194 1912 ventorrun,
1213 1850 1311 1913 prop·

133 1923 186 1982 ter
212 1917 418 1983 nauticarum
446 1940 556 1983 rerum
579 1917 751 1983 scientiam
778 1916 993 2001 plurimisque
1017 1916 1191 1982 maritimis
1214 1918 1312 1983 rebus

132 2006 274 2071 fruimur
296 2012 394 2091 atque
417 2007 549 2071 utimur.
591 2006 807 2072 Terrenorum
830 2006 911 2072 item
936 2006 1180 2071 commodorum
1205 2007 1311 2072 omnis

87 2116 115 2156 ro
134 2099 186 2160 est
208 2095 244 2159 in
261 2095 393 2160 homine
413 2095 609 2161 dominatus.
645 2094 716 2161 Nos
737 2095 875 2180 campis,
897 2116 958 2160 nos
977 2095 1144 2161 montibus
1163 2095 1312 2181 fruimur,

132 2184 241 2249 nostri
260 2190 337 2249 sunt
360 2207 485 2269 amnes,
507 2185 615 2250 nostri
632 2185 736 2270 lacus,
759 2207 819 2249 nos
838 2184 950 2271 fruges
969 2184 1117 2269 serimus,
1139 2207 1200 2250 nos
1219 2185 1313 2250 arbo·

133 2295 200 2358 res,
217 2295 279 2338 nos
298 2295 456 2360 aquarum
474 2273 719 2338 inductionibus
736 2273 833 2338 terris
852 2273 1087 2339 fecunditatem
1105 2274 1232 2359 damus,
1250 2297 1312 2339 nos

133 2362 269 2428 flumina
291 2384 452 2448 arcemus,
475 2362 668 2450 derigimus,
691 2362 882 2448 avertimus,
905 2363 1029 2428 nostris
1053 2363 1191 2448 denique
1212 2364 1313 2428 mani-

133 2453 195 2517 bus
218 2452 254 2516 in
277 2474 385 2517 rerum
407 2456 525 2517 natura
549 2452 642 2537 quasi
666 2453 803 2516 alteram
826 2456 978 2518 naturam
997 2451 1125 2518 efficere
1149 2474 1311 2518 conamur.

87 2560 114 2603 rs
224 2539 310 2616 Quid
341 2541 441 2606 vero?
477 2540 647 2606 hominum
674 2540 760 2606 ratio
787 2563 855 2611 non
882 2540 919 2604 in
942 2540 1066 2605 caelum
1090 2563 1193 2625 usque
1215 2563 1312 2625 pene·

134 2630 257 2695 travit?
296 2628 365 2695 Soli
388 2630 474 2696 enim
498 2652 537 2694 ex
560 2630 782 2695 animantibus
805 2651 865 2694 nos
890 2634 1053 2694 astrorum
1073 2633 1177 2714 ortus,
1201 2629 1311 2695 obitus
1331 2603 1372 2666 61

135 2741 314 2804 cursusque
344 2719 570 2805 cognovimus,
603 2719 644 2784 ab
673 2718 845 2784 hominum
876 2740 993 2805 genere
1022 2717 1135 2783 finitus
1160 2723 1211 2783 est
1234 2692 1375 2804 dies,¹⁶⁸

134 2808 271 2893 mensis,
294 2830 413 2892 annus,
435 2807 634 2874 defectiones
659 2808 738 2874 solis
763 2813 796 2872 et
819 2808 915 2872 lunae
939 2807 1091 2892 cognitae
1114 2807 1312 2891 praedictae·

171 3007 195 3056 1.
214 3001 343 3056 adamati
365 3016 421 3054 von
443 2999 494 3055 der
512 2999 695 3070 zukunftigen
749 3003 808 3054 tum
818 3000 931 3069 percitus
944 2999 1068 3054 abditum
1083 3002 1147 3054 eine
1165 2999 1313 3070 poetische

133 3070 207 3140 Zeit,
235 3070 290 3125 vvie
316 3089 343 3140 p.
370 3070 430 3125 Mil.
456 3077 504 3126 98:
534 3072 614 3126 mulia
643 3090 695 3128 uu·
748 3069 944 3124 Reminisoenz
959 3086 1009 3124 aus
1024 3068 1115 3124 einem
1125 3070 1263 3141 Tragiker
1279 3090 1312 3125 zu

133 3159 217 3211 quam
242 3144 400 3198 obmutescet
427 3149 558 3209 adustas,
586 3143 643 3196 und
665 3142 695 3196 in
749 3140 818 3196 sein.
855 3140 986 3195 Ribbeck
1004 3145 1077 3210 trag.
1095 3141 1195 3211 fragm.
1207 3160 1235 3212 p.
1250 3149 1312 3198 220.

133 3212 694 3283 {thnlicherVerbindungCatd.r.r.114:
786 3218 828 3269 11.
865 3214 982 3267 silvestri
1014 3209 1095 3266 ‘uild
1138 3210 1310 3268 sachsend'.

133 3285 230 3339 uiuum
247 3300 353 3339 serame
371 3286 403 3338 im
422 3290 586 3340 vetustatem.
747 3282 819 3338 Plin.
841 3302 869 3338 n.
883 3282 910 3338 h.
927 3283 999 3352 VIII,
1015 3289 1062 3338 412
1084 3285 1215 3341 siluestris
1239 3301 1311 3341 resa.

170 3357 303 3411 vescimur
312 3387 345 3395 —
356 3356 462 3424 alardo,
481 3372 548 3409 man
562 3357 694 3410 erwartet
786 3361 826 3410 14.
846 3355 937 3422 adfert
955 3372 993 3410 sc.
1007 3356 1132 3411 materia.

133 3425 271 3480 vielmehr
314 3443 383 3496 quas
420 3429 526 3497 partim
563 3428 696 3496 capimus,
786 3432 828 3482 19.
847 3427 971 3493 fruimur
988 3432 1069 3495 atque
1081 3427 1196 3493 utimur,
1214 3427 1312 3480 natur·

129 3499 237 3567 partim
255 3498 363 3553 alimus.
750 3495 885 3623 gemasser
920 3502 995 3551 utre
1039 3496 1086 3550 die
1125 3495 1312 3565 umgelrehrte

170 3574 195 3623 4.
216 3570 415 3638 qmdripeaum
428 3570 570 3635 vectiones,
585 3567 631 3624 ein
644 3586 695 3621 un-
770 3568 880 3637 tellung
899 3567 991 3622 dieser
1008 3567 1113 3623 beiden
1126 3566 1237 3635 Worte,
1257 3570 1311 3622 wie

133 3638 346 3709 gewdhnlicher
369 3639 530 3694 abstrakter
548 3638 696 3693 Ausdruck
748 3639 824 3707 1,ao.
863 3639 926 3708 Vgl.
939 3638 1045 3707 jedoch
1058 3639 1095 3692 ad
1109 3638 1175 3694 fam.
1190 3639 1252 3708 Vll,
1263 3645 1311 3694 30:

133 3711 180 3764 fur
197 3715 230 3766 ut
249 3711 429 3781 quadripedes
446 3712 552 3766 aetam.
748 3711 786 3766 ld
805 3717 843 3766 est
857 3712 988 3780 cuiusque
997 3712 1154 3781 proprium,
1169 3726 1221 3781 pico
1235 3713 1310 3781 quis-

170 3788 195 3837 7.
214 3782 357 3836 abutimur
371 3777 434 3835 ‘vvir
451 3784 555 3835 nutzen
574 3777 642 3836 aus'.
749 3798 800 3851 que
816 3784 924 3850 fruitur
942 3788 1022 3851 atquc
1040 3783 1137 3840 utitur.

169 3857 194 3907 8.
214 3854 336 3907 elicimus
350 3847 415 3906 ‘wir
435 3850 602 3922 gewinnen’,
632 3850 695 3906 eine
786 3859 828 3909 22.
843 3870 980 3923 aquarum
994 3854 1311 3910 iuductiouibusairri-

134 3923 164 3977 in
191 3922 298 3978 diesem
332 3922 417 3977 Sinne
453 3923 496 3978 oft
522 3923 695 3992 gebrauchte
748 3925 915 3995 petionibus.

133 3994 291 4065 Metapher.
301 3994 366 4063 Vgl.
379 3994 414 4050 de
423 3994 470 4049 fin.
480 3995 513 4062 V,
522 3999 569 4049 512
583 3996 696 4063 fabulae
785 4002 828 4051 23.
847 4012 970 4051 arcemus
983 4021 1011 4042 ι-
1024 3997 1095 4066 ripis
1109 4001 1265 4051 coercemus.
1277 4026 1312 4035 —·

133 4068 227 4134 fictae,
245 4083 279 4121 ea
296 4068 396 4135 quibus
414 4067 524 4121 utelitas
541 4067 621 4122 mulla
635 4066 697 4121 elici
750 4068 899 4138 deripimus
913 4061 1101 4136 ‘regulieren'.

129 4143 232 4207 potest,
268 4137 327 4190 und
355 4142 370 4203 ᾗ
400 4143 464 4192 161ε
496 4139 616 4193 remedia
648 4139 695 4192 eli·
786 4144 829 4192 ii.
847 4140 944 4206 finitus
963 4144 1001 4194 est
1018 4163 1046 4184 ==
1059 4138 1188 4206 definitus
1205 4142 1251 4192 est.

134 4210 254 4276 murus,
273 4224 316 4262 wc
336 4208 383 4263 die
401 4208 522 4263 Hdschr.
545 4206 696 4262 falechlich
786 4214 828 4265 28.
835 4210 1052 4279 praedictaeque.
1067 4208 1138 4263 Eine
1147 4207 1313 4261 Sennenfin·

133 4281 267 4351 eligamus
283 4279 371 4335 lesen.
749 4279 851 4334 eternis
877 4280 930 4333 soll
955 4297 1018 4333 zum
1043 4282 1137 4334 ersten
1159 4278 1233 4332 Male
1256 4294 1314 4334 von

169 4357 194 4406 9.
213 4352 328 4406 amis—
343 4350 574 4407 abditasscheint
587 4348 641 4405 wie
659 4349 695 4404 de
749 4350 853 4405 Thales
874 4354 1079 4420 vorausgesagt
1103 4350 1218 4405 worden
1241 4349 1312 4405 seim

134 4420 225 4491 offill,
238 4423 693 4493 lizfcrrum,aes,aurum,ar9cu·
748 4417 852 4476 Herod.
875 4422 897 4490 l,
918 4427 960 4475 it.

1044 4510 1097 4563 12*
