3017 4800
451 270 519 326 LIB.
533 272 555 326 1.
570 268 647 327 csP.
662 277 708 340 ac,
728 275 971 337 aasror-roo.
1256 277 1300 344 35

118 433 206 499 actio
230 434 342 500 vitae?
371 433 488 519 quibus
512 434 623 519 rebus,
646 433 680 498 id
703 433 791 519 quod
813 434 928 519 vultis,
952 436 1066 501 beatus
1086 437 1158 502 est?
1186 440 1301 503 utatur

118 523 207 588 enim
238 523 306 589 suis
337 523 432 588 bonis
463 527 596 607 oportet
624 528 653 587 et
679 521 822 608 fruatur,
853 524 909 609 qui
938 525 1054 591 beatus
1081 525 1212 591 futurus
1240 531 1300 592 est.

118 611 207 677 Nam
235 613 328 677 locus
356 612 487 697 quidem
515 612 556 676 iis
580 611 681 677 etiam
702 612 845 696 naturis,
872 635 955 698 qnae
978 614 1049 679 sine
1072 614 1190 680 animis
1213 620 1300 700 sunt,

119 724 199 766 suus
238 706 289 767 est
326 701 441 786 cuique
477 700 644 786 proprius,
680 705 718 766 ut
751 705 841 766 terra
872 701 1022 767 infimum
1053 706 1179 787 teneat,
1214 703 1300 769 hanc

88 790 259 856 sinundet
288 812 387 875 aqua,
420 790 568 874 superior
598 791 678 875 ciri,
710 790 865 856 aetheriis
893 790 1025 877 ignibus
1053 792 1215 857 altissima
1242 813 1301 858 ora

118 880 285 945 reddatur.
325 878 512 943 Bestiarum
535 882 646 943 autem
669 884 818 944 terrenae
842 883 920 944 sunt
943 880 1040 965 aliae,
1062 881 1184 965 partim
1203 903 1301 967 aqua·

119 968 211 1054 tiles,
245 969 329 1033 aliae
361 967 455 1053 quasi
488 967 647 1052 ancipites
679 967 715 1032 in
745 972 885 1054 utraque
918 969 993 1034 sede
1024 969 1185 1054 viventes,
1222 975 1301 1035 sunt

119 1057 282 1142 quaedam
314 1057 427 1142 etiam,
460 1079 542 1142 quae
574 1057 652 1143 igne
683 1057 776 1122 nasci
806 1061 964 1142 putentur
993 1063 1236 1144 appareantque
1264 1059 1301 1123 in

118 1146 311 1211 ardentibus
333 1145 522 1211 fornacibus
545 1168 643 1231 saepe
664 1146 850 1212 volitantes.
898 1145 1026 1222 Quaero
1049 1147 1165 1235 igitur,
1191 1151 1363 1213 vesteno

74 1257 101 1296 ιο
119 1235 200 1300 deus
222 1235 367 1320 primum
385 1234 442 1299 ubi
460 1234 602 1320 habitet,
625 1235 740 1300 deinde
760 1257 842 1320 quae
861 1258 960 1301 causa
978 1258 1051 1301 eum
1069 1236 1142 1302 loco
1160 1241 1301 1322 moveat,

120 1323 150 1388 si
179 1324 277 1389 modo
307 1328 458 1389 movetur
487 1323 676 1408 aliquando,
707 1329 837 1409 postea,
869 1348 944 1390 cum
973 1324 1036 1390 hoc
1062 1325 1233 1410 proprium
1255 1326 1302 1391 sit

119 1412 352 1497 animantium,
374 1416 412 1477 nt
435 1411 560 1498 aliquid
583 1416 754 1498 appetant,
778 1414 866 1498 quod
889 1413 934 1479 sit
956 1418 1093 1479 naturae
1117 1436 1299 1481 accommo-

119 1501 249 1587 datum,
272 1502 351 1567 dens
375 1501 454 1587 quid
472 1505 623 1586 appetat,
645 1501 687 1567 ad
706 1525 804 1587 quam
823 1502 962 1588 denique
980 1525 1050 1568 rem
1067 1508 1162 1568 motu
1178 1503 1300 1568 mentis

54 1651 58 1656 .
119 1613 158 1656 ac
180 1591 311 1656 ratione
333 1594 460 1675 utatur,
487 1594 655 1674 postremo
679 1612 744 1675 quo
767 1591 865 1657 modo
888 1592 1004 1657 beatus
1028 1592 1086 1676 sit,
1114 1615 1178 1677 quo
1202 1592 1300 1657 modo

74 1700 101 1743 rs
119 1685 282 1745 aeternus.
338 1677 501 1764 Quicquid
535 1679 623 1744 enim
658 1678 778 1744 horum
810 1680 975 1766 attigeris,
1011 1681 1103 1746 ulcus
1136 1685 1196 1746 est.
1247 1680 1301 1745 Ita

119 1769 205 1834 male
235 1769 391 1834 instituta
420 1768 506 1833 ratio
537 1768 662 1833 exitum
690 1767 834 1853 reperire
863 1790 931 1834 non
958 1773 1080 1853 potest.
1129 1767 1183 1835 Sic
1213 1769 1300 1834 enim
1311 1780 1363 1831 105

120 1857 266 1942 dicebas,
295 1857 437 1942 speciem
459 1857 512 1921 dei
535 1857 660 1942 percipi
683 1857 899 1944 cogitatione,
921 1879 996 1922 non
1012 1880 1123 1944 sensu,
1145 1880 1206 1923 nec
1229 1881 1300 1924 esse

118 1945 155 2010 in
174 1968 213 2011 ea
230 1947 331 2010 ullam
351 1946 562 2030 soliditatem,
580 1968 685 2031 neque
704 1946 840 2011 eandem
859 1947 900 2011 ad
915 1968 1087 2012 numerum
1101 1970 1300 2033 permanere,

114 2057 258 2120 ‚eamque
292 2057 363 2101 esse
395 2035 465 2100 eius
499 2034 674 2120 visionem,
705 2039 743 2100 ut
786 2034 1001 2101 similitudine
1034 2041 1067 2101 et
1103 2036 1300 2103 transitione

73 2129 287 2209 secernatur,
331 2146 436 2209 neque
474 2123 605 2188 deficiat
648 2146 804 2209 umquam
847 2147 886 2189 ex
927 2124 1067 2190 infinitis
1109 2126 1301 2211 corporibus

120 2213 280 2279 similium
310 2213 467 2298 accessio,
505 2235 544 2277 ex
577 2234 679 2297 eoque
701 2212 787 2299 fieri,
819 2218 858 2279 ut
885 2213 921 2278 in
949 2213 1030 2279 haec
1052 2213 1181 2280 intenta
1207 2236 1300 2280 mens

156 2388 304 2457 afuturus
317 2393 364 2456 est,
379 2388 684 2457 statuminari,
776 2393 817 2446 13.
845 2389 959 2460 deniqne
989 2384 1124 2445 ‘tiberhau
1145 2385 1165 2445 t’
1197 2388 1300 2445 verell-

155 2465 182 2515 5.
208 2461 337 2515 amberiie
363 2461 483 2531 iynibns.
498 2458 684 2529 Diog.Laert.
738 2459 897 2530 gemeinert
915 2462 966 2515 das
984 2408 1215 2528 vorhergedcnde
1233 2461 1302 2531 qnid

118 2530 259 2599 Vinici:
279 2527 414 2585 ἀνωτάτω
428 2529 481 2601 μὲν
496 2523 548 2584 οὖν
564 2527 685 2585 εἶναιτὸ
738 2538 864 2602 appetat,
915 2531 1052 2597 wtthrsnd
1081 2538 1217 2613 postremo
1249 2531 1301 2585 das

118 2603 186 2672 πῦρ,
201 2596 237 2657 ὃν
252 2597 287 2671 δὴ
299 2600 406 2671 αἰθέρα
415 2606 607 2656 καλεῖσθαι-
617 2597 682 2691 ped?
739 2602 824 2657 latete
852 2601 935 2657 Glied
967 2602 1018 2656 der
1044 2602 1134 2656 Reihe
1168 2601 1301 2656 einfdhrt.

117 2667 156 2743 ἣν
175 2671 226 2727 τὸν
251 2668 339 2742 ἀέρα,
363 2671 424 2728 εἶτα
442 2671 474 2728 τὸ
499 2668 585 2742 ὕδωρ·
613 2691 684 2727 orro-
739 2672 851 2727 Ebenso
869 2672 973 2741 Illas.

119 2741 254 2815 στάθμην
261 2742 294 2799 δὲ
302 2741 417 2799 πάντων
424 2742 544 2816 cinric.
552 2743 684 2814 (Stoisch,
778 2749 819 2798 15.
837 2744 917 2800 micres
934 2750 979 2799 ert.
998 2743 1031 2797 ln
1045 2741 1206 2797 bhnlichem
1220 2743 1302 2797 uber·

118 2816 361 2885 ng11‚101flg.)
738 2817 875 2884 tragenen
903 2813 988 2869 Sinne
1015 2814 1174 2885 gebraucht
1202 2812 1300 2868 Cicero

157 2893 182 2942 7.
202 2889 284 2957 qnasi
301 2888 437 2957 ancipites
450 2914 478 2933 =
491 2883 624 2960 ἀμφίβια.
738 2886 812 2940 auch
839 2887 953 2953 vulnus,
981 2902 1012 2939 so
1041 2885 1118 2940 Verr.
1142 2884 1174 2954 V,
1193 2892 1241 2940 tt:
1269 2886 1302 2940 in

156 2964 182 3013 8.
198 2961 262 3029 ipnc
278 2960 366 3026 nasei,
386 2958 440 3013 wie
454 2959 523 3013 Nelo
536 2965 621 3014 noina
634 2958 683 3026 111,
738 2975 794 3028 qno
813 2955 1000 3028 (laudatione)
1025 2973 1107 3026 qnam
1131 2957 1219 3013 malta
1245 2957 1303 3012 sint

119 3035 164 3085 55.
210 3030 265 3084 Zur
293 3029 383 3084 Sache
407 3029 464 3101 vgl
488 3029 550 3085 Seu.
575 3030 684 3099 quaest.
738 3031 854 3086 vulnera
881 3027 969 3097 (faule
995 3027 1133 3098 Punite),
1166 3028 1228 3098 quis
1255 3034 1301 3097 est,

118 3102 178 3158 nat.
188 3101 224 3167 V,
234 3107 265 3155 6:
278 3102 362 3172 ipris,
371 3102 420 3171 qui
433 3102 527 3156 omnia
540 3102 685 3167 consumit,
737 3102 807 3171 quin
821 3098 980 3171 intelleput?

120 3174 257 3242 cumdum
274 3173 455 3240 etiemcreat,
476 3173 583 3241 etqnod
596 3172 685 3227 videri
776 3177 817 3227 16.
833 3173 944 3227 enitnm
959 3170 1032 3241 ⁴Vgl.
1047 3176 1062 3237 ξ
1077 3176 1124 3227 53:
1140 3187 1201 3225 mm
1215 3171 1301 3241 erpti-

115 3249 206 3314 potest
219 3261 277 3298 non
293 3245 384 3298 eimde
400 3244 467 3311 veri,
485 3250 577 3298 tomen
590 3259 683 3298 rernm
738 3259 800 3298 care
817 3244 974 3313 arcumenti
991 3243 1094 3298 ercitum
1112 3260 1170 3298 nen
1179 3243 1301 3313 potestis.

119 3321 175 3382 est,
206 3316 344 3370 animalia
369 3316 431 3386 ipne
458 3315 592 3386 penerari.
629 3313 683 3367 Die
773 3314 820 3369 Sic
837 3317 910 3369 enim
928 3315 1037 3370 dicebas
1056 3317 1109 3369 etc.
1130 3314 1170 3367 Im
1191 3312 1301 3384 grollen

120 3386 200 3440 alten
218 3385 435 3440 Naturforscher
452 3386 597 3454 glaubten‚
626 3383 683 3438 dau
736 3384 795 3438 und
814 3402 923 3454 ganzen
937 3384 1237 3454 einsWiederholung
1251 3384 1302 3438 der

121 3456 170 3511 die
190 3457 273 3511 Tiere
291 3474 354 3510 zum
366 3456 427 3511 'leil
443 3457 611 3511 entsttnden
630 3450 683 3510 οὐκ
737 3455 865 3511 dunklen
884 3456 942 3510 und
960 3474 1023 3509 zum
1037 3455 1100 3509 Teil
1114 3453 1301 3510 millverstan·

120 3523 154 3582 ἐκ
173 3525 261 3597 ζώων,
281 3524 337 3582 ἀλλ’
358 3524 514 3598 αὐτόματα,
533 3526 573 3581 im
586 3527 682 3596 Fener,
738 3527 830 3582 denen
850 3526 938 3582 Stella
961 3526 991 3580 in
1015 3532 1096 3593 sla,
1120 3525 1228 3581 welche
1252 3526 1301 3579 da·

119 3598 244 3667 Wasser,
253 3598 325 3653 Holz
334 3600 431 3671 (Arist.
447 3598 513 3655 hist
528 3616 573 3654 an.
587 3598 681 3668 V,19).
737 3597 829 3653 durch
838 3595 1300 3666 nichtanDeutlichkeitgewinnt.

118 3669 203 3724 Anch
217 3670 290 3724 Plin.
305 3689 333 3727 n.
348 3670 376 3726 h.
391 3670 438 3737 XI,
451 3677 486 3725 36
506 3669 614 3741 spricht
631 3687 688 3725 von
741 3668 851 3738 Wegen
865 3669 915 3723 der
924 3665 1090 3737 Bedeutung
1099 3668 1149 3722 der
1156 3668 1302 3723 einzelnen

120 3741 239 3796 solchen
273 3758 323 3796 aus
354 3742 444 3797 Feucr
471 3744 688 3812 entsprossenen
742 3739 907 3794 Ausdrticke
926 3758 947 3794 s.
962 3740 1096 3794 dasclbst.

123 3812 235 3881 Tieren,
257 3829 287 3867 er
305 3816 395 3868 nennt
419 3811 460 3867 sie
486 3813 598 3883 pyrales
619 3812 688 3866 oder
779 3818 820 3867 11.
839 3813 954 3881 speeiem
971 3808 1031 3865 ‘die
1050 3809 1154 3865 tubere
1172 3809 1301 3865 Erschei-

120 3887 281 3954 pyraustae.
740 3878 840 3952 nung'‚
860 3888 924 3949 §49
943 3881 1010 3937 hiell
1030 3899 1059 3936 es
1073 3884 1302 3938 oimetnatnram

163 3962 206 4010 12.
235 3962 355 4010 natmae
376 3951 465 4009 'ihrer
496 3949 609 4023 Natur',
640 3952 687 4009 ein
740 3955 859 4010 deornm.

123 4025 276 4095 wichtigcr
295 4026 434 4081 stoischer
455 4025 597 4080 Lehrsata.
621 4025 685 4095 Vgl.
789 4031 831 4079 19.
850 4026 981 4080 visionem
994 4051 1022 4070 =
1035 4024 1147 4080 videndi
1168 4024 1303 4078 rationem

123 4098 159 4151 de
179 4098 226 4153 fin.
240 4097 275 4167 V,
286 4104 333 4151 26:
352 4098 400 4152 Ex
413 4114 466 4167 qao
479 4098 600 4167 inteliepi
612 4098 687 4152 debet
741 4095 879 4166 Dagegen
904 4102 998 4162 §1092
1017 4097 1154 4152 visionem
1178 4120 1206 4139 =
1232 4095 1302 4148 ima·

122 4170 230 4224 iternini
249 4170 280 4224 id
307 4185 361 4224 esce
387 4171 419 4224 in
447 4170 525 4224 bonis
549 4169 687 4235 nltimam,
740 4169 845 4239 pinum.

121 4242 273 4296 secundnm
291 4246 423 4296 naturam
440 4241 536 4308 cicere,
555 4241 627 4309 qnod
645 4241 687 4294 ita
776 4245 819 4295 to.
853 4255 887 4294 erc
918 4239 1037 4307 infinitrb
1069 4237 1228 4306 corporibus
1264 4253 1302 4290 sc.

121 4314 354 4381 interpretamur:
390 4314 477 4367 m'oerc
508 4328 542 4366 ac
567 4311 687 4366 bominis
740 4310 903 4378 indiuiduis,
929 4308 976 4363 die
995 4310 1108 4376 Atomo,
1137 4324 1187 4360 aus
1210 4306 1303 4362 denen

120 4390 227 4439 nutura
256 4384 379 4453 undiquc
403 4384 527 4453 perfecte
558 4388 583 4438 et
614 4382 686 4437 nihii
740 4379 787 4436 dio
806 4379 996 4435 Gotterleiber
1012 4378 1157 4433 bestehen.

117 4456 282 4526 requirente.
776 4458 819 4509 21.
838 4452 972 4507 similium
990 4466 1028 4505 sc.
1044 4465 1202 4519 corporum,
1225 4450 1301 4503 wth-
