3017 4800
209 235 277 300 224
593 228 642 283 DE
660 228 814 284 NATURA
832 227 997 284 DEORUM.

210 416 283 458 eam
306 415 438 458 causam
461 415 517 458 eos
540 393 733 457 beneficium
757 416 777 457 a
799 393 948 478 patribus
971 393 1098 457 nullum
1121 392 1249 459 habere.
1287 392 1391 469 ouis-

212 504 351 568 quamne
373 482 460 547 istuc
482 482 605 568 negat?
633 486 691 546 aut
716 504 798 567 quae
829 486 879 546 est
908 482 944 545 in
974 482 1148 546 collatione
1177 482 1243 547 ista
1272 482 1392 547 simili-

210 570 313 635 tudo?
367 569 438 635 Nec
468 571 556 635 enim
587 570 722 635 Herculi
751 593 868 636 nocere
901 569 1057 635 Deianira
1094 571 1211 655 voluit,
1248 593 1322 636 cum
1356 572 1389 637 ei

211 661 356 724 tunicam
398 660 558 746 sanguine
602 657 758 724 Centauri
802 660 942 724 tinctam
988 659 1091 744 dedit,
1133 682 1193 724 nec
1229 661 1388 744 prodesse

209 748 355 813 Pheraeo
379 748 491 814 Iasoni
522 748 565 833 is,
595 749 652 833 qui
681 749 790 834 gladio
821 749 981 814 vomicam
1011 748 1080 813 eius
1111 748 1252 833 aperuit,
1284 773 1388 834 quam
1414 768 1432 810 s

211 859 325 902 sanare
352 838 469 902 medici
500 859 567 902 non
592 842 783 921 potuerant.
838 836 936 902 Multi
969 837 1056 902 enim
1088 841 1135 921 et,
1165 860 1239 902 cum
1269 839 1388 903 obesse

209 927 343 1011 vellent,
366 926 561 1009 profuerunt
584 930 630 1011 et,
655 949 726 991 cum
750 927 918 1011 prodesse,
947 926 1131 991 obfuerunt.
1177 926 1230 991 lta
1256 949 1322 992 non
1345 928 1388 992 fit

211 1037 250 1079 ex
273 1037 324 1099 eo,
348 1015 434 1099 quod
465 1015 573 1100 datur,
601 1020 640 1079 ut
668 1016 820 1080 voluntas
852 1016 934 1099 eius,
965 1016 1022 1100 qui
1052 1016 1189 1099 dederit,
1219 1021 1388 1101 appareat,

210 1125 283 1188 nec,
307 1104 336 1168 si
367 1104 410 1187 is,
442 1104 498 1189 qui
531 1105 669 1188 accepit,
701 1105 784 1169 bene
816 1104 934 1189 utitur,
967 1104 1088 1169 idcirco
1120 1105 1163 1189 is,
1219 1105 1253 1168 ui
1284 1105 1386 1190 dedit,

154 1216 190 1266 υ
210 1192 313 1257 amice
336 1192 433 1258 dedit.
480 1191 569 1269 Quae
593 1194 680 1258 enim
703 1193 819 1278 libido,
847 1216 930 1278 quae
959 1193 1110 1278 avaritia,
1140 1127 1227 1277 quid
1255 1193 1387 1260 facinus
1413 1215 1448 1255 ro

211 1285 268 1345 aut
300 1281 478 1365 suscipitur
507 1282 573 1346 nisi
603 1282 739 1347 consilio
774 1287 869 1366 capto
903 1287 960 1347 aut
992 1283 1061 1347 sine
1097 1282 1199 1347 animi
1228 1287 1319 1347 motu
1351 1288 1388 1347 et

211 1369 425 1455 cogitatione,
457 1370 491 1434 id
525 1375 577 1435 est
607 1371 749 1455 ratione,
784 1370 975 1454 perficitur?
1021 1369 1108 1435 Nam
1137 1370 1242 1435 omnis
1272 1371 1385 1455 opinio

209 1459 295 1523 ratio
319 1463 383 1543 est,
407 1463 441 1523 et
464 1460 595 1544 quidem
618 1460 828 1544 honoratio,
846 1460 875 1526 si
893 1482 982 1544 vera,
1005 1460 1092 1524 mala
1110 1464 1229 1545 autem,
1253 1460 1282 1524 si
1299 1459 1386 1525 falsa

211 1551 261 1612 est
284 1548 404 1631 opinio.
452 1546 515 1612 Sed
538 1572 558 1613 a
587 1549 646 1613 deo
675 1553 805 1614 tantum
834 1549 997 1613 rationem
1026 1549 1197 1632 habemus,
1227 1549 1256 1614 si
1285 1550 1385 1614 modo

210 1636 382 1722 habemus,
412 1638 533 1701 bonam
560 1642 670 1702 autem
699 1638 862 1703 rationem
893 1643 950 1703 aut
981 1660 1049 1702 non
1078 1638 1198 1701 bonam
1228 1660 1248 1701 a
1277 1637 1386 1703 nobis.
1410 1660 1462 1700 ιε4

210 1723 287 1790 Non
310 1725 409 1809 enirn,
432 1730 470 1790 ut
491 1727 727 1811 patrimonium
750 1726 961 1812 relinquitur,
985 1727 1032 1791 sic
1061 1726 1146 1790 ratio
1177 1731 1227 1791 est
1257 1726 1386 1791 homini

210 1814 367 1879 beneficio
386 1815 520 1880 deorum
539 1815 624 1880 data.
662 1813 747 1891 Quid
766 1815 853 1880 enirn
872 1816 981 1901 potius
1000 1814 1188 1879 hominibus
1208 1815 1386 1901 dedissent,

211 1903 240 1967 si
262 1903 303 1967 iis
325 1925 443 1968 nocere
470 1905 673 1969 voluissent?
726 1904 915 1969 Iniustitiae
947 1909 1070 1988 autem,
1101 1903 1386 1989 intemperantiae,

209 1992 398 2057 timiditatis
422 2015 504 2077 quae
522 1993 647 2057 semina
662 1998 784 2077 essent,
806 1994 834 2058 si
848 1993 900 2058 his
914 1993 1004 2058 vitiis
1025 1993 1110 2057 ratio
1124 2014 1192 2056 non
1211 1993 1385 2058 subesset?

144 2079 189 2144 29
210 2079 324 2145 Medea
345 2081 442 2146 modo
466 2086 499 2145 et
522 2080 643 2146 Atreus
673 2083 1012 2147 commemorabantur
1045 2105 1064 2146 a
1094 2082 1200 2167 nobis,
1231 2081 1384 2148 heroicae
1406 2096 1442 2136 20

208 2192 380 2254 personae,
403 2170 486 2234 inita
504 2171 727 2256 subductaque
746 2171 874 2236 ratione
891 2171 1017 2236 nefaria
1035 2171 1158 2236 scelera
1175 2171 1383 2238 meditantes.

244 2423 269 2470 3.
288 2415 348 2469 Nec
365 2417 438 2470 enim
455 2419 508 2472 etc.
544 2416 612 2471 Man
626 2418 765 2485 erwartet,
820 2418 873 2471 her
891 2420 940 2487 qui
957 2418 1040 2484 dedit,
1060 2415 1105 2470 ein
1120 2416 1301 2472 instrulrtivcs
1316 2416 1381 2473 Bei-

209 2484 266 2539 dass
303 2484 387 2540 Cotta
419 2487 492 2556 jetzt
528 2488 584 2542 den
616 2488 766 2542 Nachweis
821 2489 893 2558 spiel
911 2487 955 2542 ftir
979 2488 1024 2541 die
1044 2488 1145 2556 hagel,
1172 2486 1229 2542 dall
1256 2488 1381 2543 Relativ·

208 2556 307 2612 liefere
321 2574 376 2611 von
400 2558 449 2613 der
472 2558 694 2613 Unhaltbarlreit
716 2559 765 2613 des
817 2563 905 2627 satae,
925 2560 1031 2614 welche
1050 2558 1113 2612 eine
1136 2558 1315 2629 notwendige
1330 2560 1380 2613 Er-

207 2629 280 2682 eben
334 2630 522 2699 angeftihrten
572 2630 764 2700 Vergleiches.
820 2636 952 2700 ganzung
992 2630 1069 2685 eines
1111 2629 1381 2699 konjunlrtivischen

208 2699 274 2753 Dies
298 2701 447 2769 geschieht
472 2700 553 2755 nicht
578 2704 647 2772 (eret
674 2708 689 2767 ξ
718 2709 764 2757 76:
820 2702 1011 2756 Nebensatzes
1038 2700 1146 2770 bilden,
1175 2702 1312 2757 ebenfalls
1340 2701 1381 2756 im

207 2771 284 2825 Nam
297 2774 470 2840 patrimonio
498 2803 531 2813 -
555 2772 669 2842 potuit?
694 2772 765 2826 wird
819 2773 998 2844 Konjunktiv
1016 2772 1124 2828 stehen.
1493 2785 1496 2796 ·

207 2841 343 2912 beilaufig
358 2843 460 2896 darauf
466 2844 766 2913 zurtickgelrommen);
858 2851 882 2899 9.
902 2862 959 2912 uec,
978 2846 1003 2899 si
1022 2876 1056 2884 -
1074 2845 1193 2912 idcirco,
1212 2862 1233 2899 s,
1254 2845 1278 2912 Ι,
1295 2851 1328 2898 21
1354 2864 1378 2900 a.

208 2913 282 2966 denn
292 2913 338 2967 die
352 2914 505 2984 folgenden
514 2914 656 2984 Beispiele
667 2915 766 2984 zeigen
819 2933 876 2971 aon
890 2918 972 2983 euim,
990 2917 1023 2971 si.

207 2984 305 3038 weiter
323 2984 424 3052 nichts,
444 2986 486 3039 als
505 2984 561 3039 dall
575 3004 641 3040 man
650 3003 707 3040 von
716 2986 767 3040 der
858 2995 899 3042 11.
917 2989 976 3041 siae
994 2987 1084 3041 animi
1100 2993 1183 3051 motu,
1203 3004 1223 3042 s.
1238 3006 1259 3039 z.
1275 2991 1290 3051 ς
1304 2993 1347 3042 69.

205 3053 285 3108 Gabe
303 3055 384 3109 nicht
402 3057 452 3108 auf
468 3055 514 3111 die
532 3056 697 3126 Gesinnung
716 3058 766 3112 des
857 3065 898 3113 13.
917 3061 990 3113 ratio
1008 3065 1046 3112 est
1060 3054 1120 3111 ‘ein
1138 3054 1271 3113 Dcnlren’.

206 3123 312 3179 (leber-s
332 3126 592 3196 schliellenlrtnne,
612 3129 669 3181 und
684 3145 766 3184 wenn
857 3137 898 3186 15.
927 3133 1024 3186 bonam
1053 3160 1087 3169 -
1113 3147 1132 3182 a
1159 3131 1245 3183 uobis.
1296 3126 1380 3183 Cotta

207 3195 292 3250 Cotta
308 3197 411 3251 zuletzt
429 3197 531 3251 darauf
546 3199 765 3268 hinauskommt,
818 3201 909 3255 findet
926 3200 987 3254 sich
1001 3200 1031 3253 in
1041 3188 1317 3269 llbereinstimmung
1326 3200 1381 3255 mit

207 3265 265 3320 dail
283 3283 313 3321 es
333 3267 383 3319 auf
399 3268 454 3320 den
472 3270 588 3322 rechten
607 3269 764 3338 Gebrauch,
820 3272 875 3326 den
894 3271 1034 3328 Stoikern.
1071 3271 1222 3325 Wahrheit
1243 3272 1300 3324 und
1324 3272 1378 3324 lrr·

207 3337 260 3391 wie
292 3337 369 3391 eines
393 3338 481 3406 jeden
508 3337 700 3408 Geschenlres,
734 3358 764 3396 so
818 3345 880 3397 tum
898 3344 937 3398 ist
954 3346 1028 3397 nach
1047 3342 1133 3396 ihnen
1155 3341 1195 3396 im
1214 3341 1305 3397 Urteil
1328 3342 1379 3396 der

206 3409 280 3463 auch
300 3410 349 3462 der
377 3408 517 3464 Vernunft
542 3410 703 3480 ankomme,
733 3428 764 3465 so
818 3414 971 3468 Menschon
990 3414 1160 3483 begrr'indet‚
1187 3414 1308 3467 welches
1332 3430 1378 3467 au·

205 3479 295 3533 findet
331 3496 362 3533 er
398 3478 459 3534 sich
496 3482 587 3535 damit
617 3483 698 3537 nicht
724 3481 765 3536 im
818 3485 914 3553 gleich
951 3486 1005 3539 den
1041 3484 1172 3538 Mallstab
1209 3484 1255 3537 fiir
1295 3500 1379 3538 unser

205 3550 409 3620 Widcrspruch
427 3551 481 3606 mit
499 3553 555 3606 den
573 3553 714 3608 Stoikern.
818 3556 948 3610 Handeln
968 3554 1092 3625 ahgiebt.

242 3628 266 3677 5.
293 3622 405 3690 Iasoni,
436 3623 547 3693 Tyrann
578 3642 634 3679 von
656 3625 764 3679 Pherae
856 3634 896 3683 17.
922 3629 1069 3696 deducent,
1096 3645 1116 3682 s.
1141 3627 1162 3695 Ι,
1180 3631 1214 3681 89
1234 3645 1258 3681 z,
1284 3643 1377 3696 curop-

204 3692 236 3746 in
267 3693 432 3748 Thessalien
471 3695 526 3749 seit
556 3702 608 3752 478
641 3715 668 3751 v.
701 3695 764 3750 Chr.
818 3699 906 3753 risam

205 3764 258 3818 Die
307 3764 478 3835 Erzahlung,
535 3767 591 3821 dalt
638 3767 764 3836 jemand,
857 3775 897 3825 18.
933 3770 1095 3825 Iniustitiae
1131 3774 1235 3837 autem,
1278 3784 1378 3839 wegen

206 3837 257 3890 der
291 3835 342 3889 ihn
372 3839 454 3891 toton
480 3838 589 3906 wollte,
625 3838 685 3892 ihm
717 3838 765 3892 bei
818 3847 908 3895 autem
928 3859 949 3894 s.
964 3841 984 3907 Ι,
995 3847 1029 3894 49
1044 3860 1066 3895 a.
1081 3841 1224 3910 Epicurus
1242 3847 1339 3895 autem.

205 3905 297 3979 dieser
323 3906 510 3977 Gelegenheit
543 3909 590 3963 ein
625 3927 682 3963 von
708 3909 765 3964 den
854 3913 1297 3981 21.iaitusabdactaqueratioac
1311 3907 1377 3966 ‘mit

205 3979 309 4033 Arcton
341 3978 387 4032 fiir
418 3980 566 4033 unheilbar
598 3982 763 4049 gehaltenes
818 3982 999 4052 sorgf'altiger
1044 3982 1242 4052 Berechnung,
1288 3969 1376 4036 llber-

204 4045 356 4103 Geschwtir
391 4052 534 4118 aufstach,
564 4052 699 4106 wodurch
730 4069 761 4104 er
815 4051 941 4124 legung'.
980 4053 1056 4107 Statt
1072 4055 1220 4109 subduccre
1242 4055 1377 4108 rationem

205 4122 329 4186 gerettet
351 4122 458 4189 wurde‚
487 4122 575 4175 findet
602 4121 663 4175 sich
690 4123 764 4176 auch
818 4128 882 4193 sagt
900 4142 965 4179 man
984 4125 1057 4178 auch
1079 4127 1227 4180 subduccre
1250 4126 1376 4179 calculos.

204 4193 286 4244 sonst
302 4191 349 4245 bei
368 4193 424 4246 den
437 4192 515 4246 alten
530 4191 761 4248 Schriftstellern.
817 4194 881 4263 Vgl.
898 4197 932 4250 de
950 4196 996 4251 fin.
1012 4197 1045 4262 ΙΙ,
1057 4202 1104 4250 6οε
1121 4195 1214 4266 Quid?
1224 4197 1307 4262 fortes
1320 4196 1378 4250 oiri

205 4260 276 4316 Plin.
308 4279 336 4315 n.
368 4264 395 4316 h.
428 4263 488 4331 Vll,
512 4269 563 4328 513
594 4262 656 4315 Val.
689 4263 761 4318 Max.
816 4268 1020 4335 voluptatumne
1029 4268 1142 4321 calcalia
1151 4268 1291 4322 subductis
1297 4283 1376 4335 proe-

205 4330 226 4398 1,
238 4336 263 4398 8,
272 4348 293 4387 e.
816 4336 884 4392 lium
903 4340 1013 4404 ineant,
1032 4356 1071 4392 aa
1088 4339 1204 4407 quodam
1222 4338 1312 4391 animi
1329 4353 1376 4391 ar-

241 4408 266 4457 8.
285 4404 335 4470 qui
352 4404 462 4469 dederit,
482 4404 549 4457 aber
567 4403 662 4474 gleich
676 4405 762 4459 nach·
815 4408 880 4462 dore
897 4408 1029 4465 incitati?
